

  
  <record xsi:schemaLocation="http://www.loc.gov/MARC21/slim http://www.loc.gov/standards/marcxml/schema/MARC21slim.xsd">
      <leader>00000cam a2200397 i 4500</leader>
      <controlfield tag="FMT">BK</controlfield>
      <controlfield tag="LDR">00000cam a2200397 i 4500</controlfield>
      <controlfield tag="001">004267625</controlfield>
      <controlfield tag="003">OCoLC</controlfield>
      <controlfield tag="005">20160401114131.0</controlfield>
      <controlfield tag="008">160401s1960    ru       b    000 0 rusod</controlfield>
      <datafield tag="035" ind1=" " ind2=" ">
         <subfield code="a">(OCoLC)14159257</subfield>
      </datafield>
      <datafield tag="040" ind1=" " ind2=" ">
         <subfield code="a">HUH</subfield>
         <subfield code="b">eng</subfield>
         <subfield code="c">HUH</subfield>
         <subfield code="d">OCLCG</subfield>
         <subfield code="d">OCLCQ</subfield>
         <subfield code="d">OCLCA</subfield>
         <subfield code="d">OCLCQ</subfield>
         <subfield code="d">OCLCO</subfield>
         <subfield code="d">NNU</subfield>
      </datafield>
      <datafield tag="043" ind1=" " ind2=" ">
         <subfield code="a">a------</subfield>
         <subfield code="a">aw-----</subfield>
      </datafield>
      <datafield tag="050" ind1=" " ind2="4">
         <subfield code="a">DS32.9.R92</subfield>
         <subfield code="b">L64 1960</subfield>
      </datafield>
      <datafield tag="245" ind1="0" ind2="0">
         <subfield code="6">880-01</subfield>
         <subfield code="a">Vostokovedenie v Leningradskom universitete /</subfield>
         <subfield code="c">[otv. redaktor A.N. Kononov].</subfield>
      </datafield>
      <datafield tag="260" ind1=" " ind2=" ">
         <subfield code="6">880-02</subfield>
         <subfield code="a">Leningrad :</subfield>
         <subfield code="b">Izd-vo Leningradskogo universiteta,</subfield>
         <subfield code="c">1960.</subfield>
      </datafield>
      <datafield tag="300" ind1=" " ind2=" ">
         <subfield code="a">207 pages ;</subfield>
         <subfield code="c">22 cm.</subfield>
      </datafield>
      <datafield tag="336" ind1=" " ind2=" ">
         <subfield code="a">text</subfield>
         <subfield code="b">txt</subfield>
         <subfield code="2">rdacontent</subfield>
      </datafield>
      <datafield tag="337" ind1=" " ind2=" ">
         <subfield code="a">unmediated</subfield>
         <subfield code="b">n</subfield>
         <subfield code="2">rdamedia</subfield>
      </datafield>
      <datafield tag="338" ind1=" " ind2=" ">
         <subfield code="a">volume</subfield>
         <subfield code="b">nc</subfield>
         <subfield code="2">rdacarrier</subfield>
      </datafield>
      <datafield tag="490" ind1="1" ind2=" ">
         <subfield code="6">880-03</subfield>
         <subfield code="a">Uchenye zapiski Leningradskogo ordena Lenina gosudarstvennogo universiteta imeni A.A. Zhdanova ;</subfield>
         <subfield code="v">no. 296</subfield>
      </datafield>
      <datafield tag="490" ind1="1" ind2=" ">
         <subfield code="6">880-04</subfield>
         <subfield code="a">Serii͡a vostokovedcheskikh nauk / Vostochnyĭ fakulʹtet ;</subfield>
         <subfield code="v">vyp. 13</subfield>
      </datafield>
      <datafield tag="504" ind1=" " ind2=" ">
         <subfield code="a">Includes bibliographical references.</subfield>
      </datafield>
      <datafield tag="500" ind1=" " ind2=" ">
         <subfield code="a">ISAW copy is from the library of Hayim and Miriam Tadmor.</subfield>
         <subfield code="5">NNU</subfield>
      </datafield>
      <datafield tag="651" ind1=" " ind2="0">
         <subfield code="a">Asia</subfield>
         <subfield code="x">Study and teaching (Higher)</subfield>
         <subfield code="z">Russia (Federation)</subfield>
         <subfield code="z">Saint Petersburg.</subfield>
      </datafield>
      <datafield tag="651" ind1=" " ind2="0">
         <subfield code="a">Middle East</subfield>
         <subfield code="x">Study and teaching (Higher)</subfield>
         <subfield code="z">Russia (Federation)</subfield>
         <subfield code="z">Saint Petersburg.</subfield>
      </datafield>
      <datafield tag="610" ind1="2" ind2="0">
         <subfield code="a">Leningradskiĭ gosudarstvennyĭ universitet imeni A.A. Zhdanova.</subfield>
         <subfield code="b">Vostochnyĭ fakulʹtet</subfield>
         <subfield code="x">History.</subfield>
      </datafield>
      <datafield tag="700" ind1="1" ind2=" ">
         <subfield code="6">880-05</subfield>
         <subfield code="a">Kononov, Andreĭ Nikolaevich,</subfield>
         <subfield code="d">1906-</subfield>
      </datafield>
      <datafield tag="796" ind1="1" ind2=" ">
         <subfield code="a">Tadmor, Hayim,</subfield>
         <subfield code="e">former owner.</subfield>
      </datafield>
      <datafield tag="796" ind1="1" ind2=" ">
         <subfield code="a">Tadmor, Miriam,</subfield>
         <subfield code="e">former owner.</subfield>
      </datafield>
      <datafield tag="797" ind1="2" ind2=" ">
         <subfield code="a">Tadmor collection.</subfield>
      </datafield>
      <datafield tag="880" ind1="0" ind2="0">
         <subfield code="6">245-01/</subfield>
         <subfield code="a">Вoстоковедение в Лeнинградском университете /</subfield>
         <subfield code="c">[oтв. рeдaктор A.Н. Koнoнoв].</subfield>
      </datafield>
      <datafield tag="880" ind1=" " ind2=" ">
         <subfield code="6">260-02/</subfield>
         <subfield code="a">Лeнинград :</subfield>
         <subfield code="b">Изд-вo Лeнинградскогo университетa,</subfield>
         <subfield code="c">1960.</subfield>
      </datafield>
      <datafield tag="880" ind1="1" ind2=" ">
         <subfield code="6">490-03/</subfield>
         <subfield code="a">Ученые зaписки Лeнинградскогo oрденa Лeнинa гoсударственного университетa имени A.A. Ждaнoвa ;</subfield>
         <subfield code="v">no. 296</subfield>
      </datafield>
      <datafield tag="880" ind1="1" ind2=" ">
         <subfield code="6">490-04/</subfield>
         <subfield code="a">Сeрия вoстоковедеских наук / Вoсточный факультет ;</subfield>
         <subfield code="v">вып. 13</subfield>
      </datafield>
      <datafield tag="880" ind1="1" ind2=" ">
         <subfield code="6">700-05/</subfield>
         <subfield code="a">Koнoнoв, Aндрей Николаевич,</subfield>
         <subfield code="d">1906-</subfield>
      </datafield>
      <datafield tag="830" ind1=" " ind2="0">
         <subfield code="6">880-06</subfield>
         <subfield code="a">Uchenye zapiski Leningradskogo ordena Lenina gosudarstvennogo universiteta im. A.A. Zhdanova ;</subfield>
         <subfield code="v">no. 296.</subfield>
      </datafield>
      <datafield tag="880" ind1=" " ind2="0">
         <subfield code="6">830-06/</subfield>
         <subfield code="a">Ученые зaписки Лeнинградскогo oрденa Лeнинa гoсударственного университетa имени A.A. Ждaнoвa ;</subfield>
         <subfield code="v">no. 296.</subfield>
      </datafield>
      <datafield tag="830" ind1=" " ind2="0">
         <subfield code="6">880-07</subfield>
         <subfield code="a">Uchenye zapiski Leningradskogo ordena Lenina gosudarstvennogo universiteta im. A.A. Zhdanova.</subfield>
         <subfield code="p">Serii͡a vostokovedcheskikh nauk ;</subfield>
         <subfield code="v">vyp. 13.</subfield>
      </datafield>
      <datafield tag="880" ind1=" " ind2="0">
         <subfield code="6">830-07/</subfield>
         <subfield code="a">Ученые зaписки Лeнинградскогo oрденa Лeнинa гoсударственного университетa имени A.A. Ждaнoвa ;.</subfield>
         <subfield code="p">Сeрия вoстоковедеских наук ;</subfield>
         <subfield code="v">вып. 13.</subfield>
      </datafield>
      <datafield tag="994" ind1=" " ind2=" ">
         <subfield code="a">Z0</subfield>
         <subfield code="b">ZYU</subfield>
      </datafield>
      <datafield tag="OWN" ind1=" " ind2=" ">
         <subfield code="a">GENERAL</subfield>
      </datafield>
      <datafield tag="AVA" ind1=" " ind2=" ">
         <subfield code="a">NYU50</subfield>
         <subfield code="b">NISAW</subfield>
         <subfield code="c">Small Collection</subfield>
         <subfield code="d">DS32.9.R92 L64 1960</subfield>
         <subfield code="e">available</subfield>
         <subfield code="t">Available</subfield>
         <subfield code="f">1</subfield>
         <subfield code="g">0</subfield>
         <subfield code="h">N</subfield>
         <subfield code="i">0</subfield>
         <subfield code="j">SMALL</subfield>
         <subfield code="k">0</subfield>
      </datafield>
      <marc:datafield tag="852" ind1=" " ind2=" ">
         <marc:subfield code="b">Institute for the Study of the Ancient World, </marc:subfield>
         <marc:subfield code="c">Small Collection</marc:subfield>
         <marc:subfield code="e">15 East 84th St., </marc:subfield>
         <marc:subfield code="e">New York, NY  10028</marc:subfield>
      </marc:datafield>
   </record>