

  
  <record xsi:schemaLocation="http://www.loc.gov/MARC21/slim http://www.loc.gov/standards/marcxml/schema/MARC21slim.xsd">
      <leader>00000cam a2200589 i 4500</leader>
      <controlfield tag="FMT">BK</controlfield>
      <controlfield tag="LDR">00000cam a2200589 i 4500</controlfield>
      <controlfield tag="001">004270101</controlfield>
      <controlfield tag="003">OCoLC</controlfield>
      <controlfield tag="005">20160518100749.0</controlfield>
      <controlfield tag="008">160129s2015    be ae    b    001 0 eng d</controlfield>
      <datafield tag="020" ind1=" " ind2=" ">
         <subfield code="a">9789042931824 (hd.bd.)</subfield>
      </datafield>
      <datafield tag="020" ind1=" " ind2=" ">
         <subfield code="a">9042931825 (hd.bd.)</subfield>
      </datafield>
      <datafield tag="024" ind1="3" ind2=" ">
         <subfield code="a">9789042931824</subfield>
      </datafield>
      <datafield tag="035" ind1="7" ind2=" ">
         <subfield code="a">ybp11817843</subfield>
         <subfield code="b">12820123</subfield>
      </datafield>
      <datafield tag="035" ind1=" " ind2=" ">
         <subfield code="a">(OCoLC)936302505</subfield>
         <subfield code="z">(OCoLC)936147869</subfield>
         <subfield code="z">(OCoLC)943691030</subfield>
      </datafield>
      <datafield tag="040" ind1=" " ind2=" ">
         <subfield code="a">OHX</subfield>
         <subfield code="b">eng</subfield>
         <subfield code="e">rda</subfield>
         <subfield code="c">OHX</subfield>
         <subfield code="d">YDXCP</subfield>
         <subfield code="d">OCLCO</subfield>
         <subfield code="d">EMT</subfield>
         <subfield code="d">COO</subfield>
         <subfield code="d">BTCTA</subfield>
         <subfield code="d">ZYU</subfield>
      </datafield>
      <datafield tag="043" ind1=" " ind2=" ">
         <subfield code="a">a-is---</subfield>
      </datafield>
      <datafield tag="050" ind1=" " ind2="4">
         <subfield code="a">DS110.T59</subfield>
         <subfield code="b">F36 2015</subfield>
      </datafield>
      <datafield tag="072" ind1=" " ind2="7">
         <subfield code="a">DS</subfield>
         <subfield code="2">lcco</subfield>
      </datafield>
      <datafield tag="100" ind1="1" ind2=" ">
         <subfield code="a">Fantalkin, Alexander,</subfield>
         <subfield code="e">author.</subfield>
      </datafield>
      <datafield tag="245" ind1="1" ind2="0">
         <subfield code="a">Tell Qudadi : an Iron Age IIB fortress on the Central Mediterranean coast of Israel (with references to earlier and later periods) :</subfield>
         <subfield code="b">final report on the Hebrew University of Jerusalem excavations directed by E.L. Sukenik and S. Yeivin, with the participation of N. Avigad /</subfield>
         <subfield code="c">by Alexander Fantalkin and Oren Tal ; contributions by Ram Gophna [and 6 others].</subfield>
      </datafield>
      <datafield tag="264" ind1=" " ind2="1">
         <subfield code="a">Leuven :</subfield>
         <subfield code="b">Peeters,</subfield>
         <subfield code="c">2015.</subfield>
      </datafield>
      <datafield tag="300" ind1=" " ind2=" ">
         <subfield code="a">xviii, 242 pages :</subfield>
         <subfield code="b">many black-and-white illustrations, black-and-white plans ;</subfield>
         <subfield code="c">25 cm.</subfield>
      </datafield>
      <datafield tag="336" ind1=" " ind2=" ">
         <subfield code="a">text</subfield>
         <subfield code="b">txt</subfield>
         <subfield code="2">rdacontent</subfield>
      </datafield>
      <datafield tag="336" ind1=" " ind2=" ">
         <subfield code="a">still image</subfield>
         <subfield code="b">sti</subfield>
         <subfield code="2">rdacontent</subfield>
      </datafield>
      <datafield tag="337" ind1=" " ind2=" ">
         <subfield code="a">unmediated</subfield>
         <subfield code="b">n</subfield>
         <subfield code="2">rdamedia</subfield>
      </datafield>
      <datafield tag="338" ind1=" " ind2=" ">
         <subfield code="a">volume</subfield>
         <subfield code="b">nc</subfield>
         <subfield code="2">rdacarrier</subfield>
      </datafield>
      <datafield tag="490" ind1="1" ind2=" ">
         <subfield code="a">Colloquia antiqua ;</subfield>
         <subfield code="v">15</subfield>
      </datafield>
      <datafield tag="500" ind1=" " ind2=" ">
         <subfield code="a">"The preparation of this publication was made possible through a grant from the Shelby White-Leon Levy Program for Archaeological Publications"--verso of title page.</subfield>
      </datafield>
      <datafield tag="504" ind1=" " ind2=" ">
         <subfield code="a">Includes bibliographical references and index.</subfield>
      </datafield>
      <datafield tag="505" ind1="0" ind2="0">
         <subfield code="t">Introduction --</subfield>
         <subfield code="g">Appendix A.</subfield>
         <subfield code="t">The name Qudadi /</subfield>
         <subfield code="r">R. Zadok --</subfield>
         <subfield code="g">Chapter 1.</subfield>
         <subfield code="t">Site formation and history.</subfield>
         <subfield code="t">The site in the context of its natural environment --</subfield>
         <subfield code="t">The site in the context of World War I --</subfield>
         <subfield code="t">The history of excavations : the site in the context of the building of the lighthouse and the foundation of Reading Power Station.</subfield>
         <subfield code="g">Chapter 2.</subfield>
         <subfield code="t">Stratigraphy and architecture.</subfield>
         <subfield code="g">Chapter 3.</subfield>
         <subfield code="t">The finds.</subfield>
         <subfield code="t">Introduction --</subfield>
         <subfield code="t">Optical mineralogy analysis of selected pottery finds of the Iron Age IIB /</subfield>
         <subfield code="r">Mark Iserlis, Alexander Fantalkin and Oren Tal --</subfield>
         <subfield code="t">The common ware --</subfield>
         <subfield code="t">The imported ware --</subfield>
         <subfield code="t">Incidence of pottery types --</subfield>
         <subfield code="t">The unstratified Iron age and later period pottery.</subfield>
         <subfield code="g">Appendix B.</subfield>
         <subfield code="t">Pottery of the Chalcolithic period and the early and middle Bronze Age /</subfield>
         <subfield code="r">Ram Gophna and Izhak Paz --</subfield>
         <subfield code="g">Appendix C.</subfield>
         <subfield code="t">Flint tools /</subfield>
         <subfield code="r">Shahar Krispin --</subfield>
         <subfield code="g">Appendix D.</subfield>
         <subfield code="t">Late Iron Age/Persian period earring /</subfield>
         <subfield code="r">Benjamin Sass --</subfield>
         <subfield code="g">Appendix E.</subfield>
         <subfield code="t">Roman period earring /</subfield>
         <subfield code="r">Renate Rosenthal-Heginbottom --</subfield>
         <subfield code="t">Lists of loci (according to squares and areas of excavation).</subfield>
         <subfield code="g">Chapter 4.</subfield>
         <subfield code="t">Summary and conclusions.</subfield>
         <subfield code="t">Chronological attribution of Tell Qudadi's Iron age assemblages --</subfield>
         <subfield code="t">The fortress in the context of Neo-Assyrian imperial policies and site occupation in Achaemenid times --</subfield>
         <subfield code="t">Microregional developments in the longue duré́e perspective --</subfield>
         <subfield code="t">Synopsis and further perspectives.</subfield>
      </datafield>
      <datafield tag="650" ind1=" " ind2="0">
         <subfield code="a">Excavations (Archaeology)</subfield>
         <subfield code="z">Israel</subfield>
         <subfield code="z">Tell Qudadi (Extinct city)</subfield>
      </datafield>
      <datafield tag="650" ind1=" " ind2="0">
         <subfield code="a">Pottery, Ancient</subfield>
         <subfield code="z">Israel</subfield>
         <subfield code="z">Tell Qudadi (Extinct city)</subfield>
      </datafield>
      <datafield tag="650" ind1=" " ind2="0">
         <subfield code="a">Fortification</subfield>
         <subfield code="z">Israel</subfield>
         <subfield code="z">Tell Qudadi (Extinct city)</subfield>
      </datafield>
      <datafield tag="650" ind1=" " ind2="0">
         <subfield code="a">Iron age</subfield>
         <subfield code="z">Israel</subfield>
         <subfield code="z">Tell Qudadi (Extinct city)</subfield>
      </datafield>
      <datafield tag="651" ind1=" " ind2="0">
         <subfield code="a">Tell Qudadi (Extinct city)</subfield>
      </datafield>
      <datafield tag="651" ind1=" " ind2="0">
         <subfield code="a">Israel</subfield>
         <subfield code="x">Antiquities.</subfield>
      </datafield>
      <datafield tag="700" ind1="1" ind2=" ">
         <subfield code="a">Tal, Oren,</subfield>
         <subfield code="e">author.</subfield>
      </datafield>
      <datafield tag="700" ind1="1" ind2=" ">
         <subfield code="a">Gophna, R.</subfield>
         <subfield code="q">(Ram),</subfield>
         <subfield code="e">contributor.</subfield>
      </datafield>
      <datafield tag="700" ind1="1" ind2=" ">
         <subfield code="a">Iserlis, Mark,</subfield>
         <subfield code="e">contributor.</subfield>
      </datafield>
      <datafield tag="700" ind1="1" ind2=" ">
         <subfield code="a">Krispin, Shahar,</subfield>
         <subfield code="e">contributor.</subfield>
      </datafield>
      <datafield tag="700" ind1="1" ind2=" ">
         <subfield code="a">Paz, Izhak,</subfield>
         <subfield code="e">contributor.</subfield>
      </datafield>
      <datafield tag="700" ind1="1" ind2=" ">
         <subfield code="a">Rosenthal-Heginbottom, Renate,</subfield>
         <subfield code="e">contributor.</subfield>
      </datafield>
      <datafield tag="700" ind1="1" ind2=" ">
         <subfield code="a">Sass, Benjamin,</subfield>
         <subfield code="e">contributor.</subfield>
      </datafield>
      <datafield tag="700" ind1="1" ind2=" ">
         <subfield code="a">Zadok, Ran,</subfield>
         <subfield code="e">contributor.</subfield>
      </datafield>
      <datafield tag="700" ind1="1" ind2=" ">
         <subfield code="a">Sukenik, Eleazar Lipa,</subfield>
         <subfield code="d">1889-1953,</subfield>
         <subfield code="e">project director.</subfield>
      </datafield>
      <datafield tag="700" ind1="1" ind2=" ">
         <subfield code="a">Yeivin, Shmuel,</subfield>
         <subfield code="d">1896-1982,</subfield>
         <subfield code="e">project director.</subfield>
      </datafield>
      <datafield tag="700" ind1="1" ind2=" ">
         <subfield code="a">Avigad, Nahman,</subfield>
         <subfield code="e">project director.</subfield>
      </datafield>
      <datafield tag="710" ind1="2" ind2=" ">
         <subfield code="a">Shelby White and Leon Levy Program for Archaeological Publications (Firm),</subfield>
         <subfield code="e">sponsor.</subfield>
      </datafield>
      <datafield tag="797" ind1="2" ind2=" ">
         <subfield code="a">White Levy Program Collection.</subfield>
      </datafield>
      <datafield tag="797" ind1="2" ind2=" ">
         <subfield code="a">WLP Collection.</subfield>
      </datafield>
      <datafield tag="830" ind1=" " ind2="0">
         <subfield code="a">Colloquia Antiqua (Series) ;</subfield>
         <subfield code="v">15.</subfield>
      </datafield>
      <datafield tag="OWN" ind1=" " ind2=" ">
         <subfield code="a">GENERAL</subfield>
      </datafield>
      <datafield tag="AVA" ind1=" " ind2=" ">
         <subfield code="a">NYU50</subfield>
         <subfield code="b">BOBST</subfield>
         <subfield code="c">Main Collection</subfield>
         <subfield code="d">DS110.T59 F36 2015</subfield>
         <subfield code="e">available</subfield>
         <subfield code="t">Available</subfield>
         <subfield code="f">1</subfield>
         <subfield code="g">0</subfield>
         <subfield code="h">N</subfield>
         <subfield code="i">0</subfield>
         <subfield code="j">MAIN</subfield>
         <subfield code="k">0</subfield>
      </datafield>
      <datafield tag="AVA" ind1=" " ind2=" ">
         <subfield code="a">NYU50</subfield>
         <subfield code="b">NISAW</subfield>
         <subfield code="c">Small Collection</subfield>
         <subfield code="d">DS110.T59 F36 2015</subfield>
         <subfield code="e">available</subfield>
         <subfield code="t">Available</subfield>
         <subfield code="f">1</subfield>
         <subfield code="g">0</subfield>
         <subfield code="h">N</subfield>
         <subfield code="i">0</subfield>
         <subfield code="j">SMALL</subfield>
         <subfield code="k">0</subfield>
      </datafield>
      <marc:datafield tag="852" ind1=" " ind2=" ">
         <marc:subfield code="b">Institute for the Study of the Ancient World, </marc:subfield>
         <marc:subfield code="c">Small Collection</marc:subfield>
         <marc:subfield code="e">15 East 84th St., </marc:subfield>
         <marc:subfield code="e">New York, NY  10028</marc:subfield>
      </marc:datafield>
   </record>