

  
  <record xsi:schemaLocation="http://www.loc.gov/MARC21/slim http://www.loc.gov/standards/marcxml/schema/MARC21slim.xsd">
      <leader>00000cam a2200529 a 4500</leader>
      <controlfield tag="FMT">BK</controlfield>
      <controlfield tag="LDR">00000cam a2200529 a 4500</controlfield>
      <controlfield tag="001">004270126</controlfield>
      <controlfield tag="003">OCoLC</controlfield>
      <controlfield tag="005">20160407134730.0</controlfield>
      <controlfield tag="008">160407s2010    it a     b    010 0 ita</controlfield>
      <datafield tag="010" ind1=" " ind2=" ">
         <subfield code="a">2012400018</subfield>
      </datafield>
      <datafield tag="035" ind1=" " ind2=" ">
         <subfield code="a">(OCoLC)745969471</subfield>
      </datafield>
      <datafield tag="040" ind1=" " ind2=" ">
         <subfield code="a">DLC</subfield>
         <subfield code="b">eng</subfield>
         <subfield code="c">DLC</subfield>
         <subfield code="d">C3L</subfield>
         <subfield code="d">HLS</subfield>
         <subfield code="d">CGU</subfield>
         <subfield code="d">OCLCF</subfield>
         <subfield code="d">OCLCO</subfield>
         <subfield code="d">OCLCQ</subfield>
         <subfield code="d">NNU</subfield>
      </datafield>
      <datafield tag="041" ind1="0" ind2=" ">
         <subfield code="a">ita</subfield>
         <subfield code="a">eng</subfield>
         <subfield code="a">fre</subfield>
      </datafield>
      <datafield tag="042" ind1=" " ind2=" ">
         <subfield code="a">pcc</subfield>
      </datafield>
      <datafield tag="043" ind1=" " ind2=" ">
         <subfield code="a">aw-----</subfield>
         <subfield code="a">f-ua---</subfield>
         <subfield code="a">a-iq---</subfield>
      </datafield>
      <datafield tag="045" ind1=" " ind2=" ">
         <subfield code="a">a0b0</subfield>
         <subfield code="a">b0d3</subfield>
      </datafield>
      <datafield tag="050" ind1="0" ind2="0">
         <subfield code="a">PJ3126.W47</subfield>
         <subfield code="b">A63 2010</subfield>
      </datafield>
      <datafield tag="082" ind1="0" ind2="4">
         <subfield code="a">935</subfield>
         <subfield code="2">21</subfield>
      </datafield>
      <datafield tag="245" ind1="0" ind2="0">
         <subfield code="a">Ana turri gimilli :</subfield>
         <subfield code="b">studi dedicati al padre Werner R. Mayer, S.J., da amici e allievi /</subfield>
         <subfield code="c">a cura di M.G. Biga, M. Liverani.</subfield>
      </datafield>
      <datafield tag="260" ind1=" " ind2=" ">
         <subfield code="a">Roma :</subfield>
         <subfield code="b">Università di Roma La Sapienza,</subfield>
         <subfield code="c">2010.</subfield>
      </datafield>
      <datafield tag="300" ind1=" " ind2=" ">
         <subfield code="a">424 pages :</subfield>
         <subfield code="b">illustrations ;</subfield>
         <subfield code="c">24 cm.</subfield>
      </datafield>
      <datafield tag="336" ind1=" " ind2=" ">
         <subfield code="a">text</subfield>
         <subfield code="b">txt</subfield>
         <subfield code="2">rdacontent</subfield>
      </datafield>
      <datafield tag="337" ind1=" " ind2=" ">
         <subfield code="a">unmediated</subfield>
         <subfield code="b">n</subfield>
         <subfield code="2">rdamedia</subfield>
      </datafield>
      <datafield tag="338" ind1=" " ind2=" ">
         <subfield code="a">volume</subfield>
         <subfield code="b">nc</subfield>
         <subfield code="2">rdacarrier</subfield>
      </datafield>
      <datafield tag="490" ind1="1" ind2=" ">
         <subfield code="a">Vicino Oriente. Quaderno ;</subfield>
         <subfield code="v">5</subfield>
      </datafield>
      <datafield tag="500" ind1=" " ind2=" ">
         <subfield code="a">Collected essays.</subfield>
      </datafield>
      <datafield tag="504" ind1=" " ind2=" ">
         <subfield code="a">Includes bibliographical references.</subfield>
      </datafield>
      <datafield tag="500" ind1=" " ind2=" ">
         <subfield code="a">Texts in English, French or Italian.</subfield>
      </datafield>
      <datafield tag="505" ind1="0" ind2="0">
         <subfield code="t">Presentazione --</subfield>
         <subfield code="t">Encore hypothèses à Karatepe /</subfield>
         <subfield code="r">M.G. Amadasi Guzzo --</subfield>
         <subfield code="t">Esarhaddon, N'id-Marduk e gli šībūtu del Paese del Mare /</subfield>
         <subfield code="r">L. Barbato --</subfield>
         <subfield code="t">War and Peace in the Kingdom of Ebla (24th Century B.C.) in the First Years of Vizier Ibbi-zikir under the Reign of the Last King Išar-damu /</subfield>
         <subfield code="r">M.G. Biga --</subfield>
         <subfield code="t">Due nuovi testi dal british Museum datati all'epoca più antica di Ur III /</subfield>
         <subfield code="r">F. D'Agostino --</subfield>
         <subfield code="t">La veste della sera: echi di fraseologia indoeuropea in un rituale ittio-luvio /</subfield>
         <subfield code="r">P. Dardano --</subfield>
         <subfield code="t">Su alcune tecniche contabili delle amministrazioni di Nippur medio-babilonese /</subfield>
         <subfield code="r">G.F. Del Monte --</subfield>
         <subfield code="t">Two Tablets from the Vicinity of Emar /</subfield>
         <subfield code="r">F. Di Filippo --</subfield>
         <subfield code="t">The Jealous Superior (ABL 211) and the Term ṭābtu in Neo-Assyrian 'Everyday' Texts /</subfield>
         <subfield code="r">F.M. Fales --</subfield>
         <subfield code="t">Les suffixes éblaïtes de la première personne du duel /</subfield>
         <subfield code="r">P. Fronzaroli --</subfield>
         <subfield code="t">Osservazioni sull'uso di accad. kubbutu e kubburu in EA 20:64-70 /</subfield>
         <subfield code="r">M. Giorgieri --</subfield>
         <subfield code="t">The Pharaoh's Body in the Amarna Letters /</subfield>
         <subfield code="r">M. Liverani --</subfield>
         <subfield code="t">The Mesopotamian Exorcist and his Ego /</subfield>
         <subfield code="r">P. Mander --</subfield>
         <subfield code="t">Pratiche ordaliche nell'Anatolia hittita /</subfield>
         <subfield code="r">M. Marazzi --</subfield>
         <subfield code="t">The Sumerian King List and the Early History of Mesopotamia /</subfield>
         <subfield code="r">G. Marchesi --</subfield>
         <subfield code="t">The City Gates at Emar. Reconsidering the Use of the Sumerograms KÁ.GAL and KÁ in Tablets found at Meskené Qadime /</subfield>
         <subfield code="r">L. Mori --</subfield>
         <subfield code="t">Ḫulibar, Duḫduḫ(u)NI e la frontiera orientale /</subfield>
         <subfield code="r">P. Notizia --</subfield>
         <subfield code="t">Assiriologia e letteratura poliziesca: rapporti tra due nobili avventure intellecttuali /</subfield>
         <subfield code="r">F. Pomponio --</subfield>
         <subfield code="t">Ideografia ed estetica della statuaria Mesopotamica del III millennio a.C. /</subfield>
         <subfield code="r">M. Ramazzotti --</subfield>
         <subfield code="t">Middle Assyrian ginā'ū Offerings Lists : Geographical Implications /</subfield>
         <subfield code="r">D.F. Rosa --</subfield>
         <subfield code="t">Contributo alla riconstruzione del monumento epigrafico degli Annali di Sarduri II, re d'Urartu /</subfield>
         <subfield code="r">M. Salvini --</subfield>
         <subfield code="t">Qualche nota dai testi di Ešnunna /</subfield>
         <subfield code="r">C. Saporetti --</subfield>
      </datafield>
      <datafield tag="505" ind1="8" ind2="0">
         <subfield code="t">"Uno scriba che non conosca il Sumerico, come potrà tradurre?" I Proverbi bilingui : fra traduzione e reinterpretazione /</subfield>
         <subfield code="r">S. Seminara --</subfield>
         <subfield code="t">Note in margine ad alienazioni immobiliari d'età paleo-babilonese /</subfield>
         <subfield code="r">C. Simonetti --</subfield>
         <subfield code="t">The Scribal School of the Lower City of Hattuša and the Beginning of the Career of Anuwanza, Court Dignitary and Lord of Nerik /</subfield>
         <subfield code="r">G. Torri --</subfield>
         <subfield code="t">Un nuovo documento di compravendita neo-sumerico /</subfield>
         <subfield code="r">L. Verderame --</subfield>
         <subfield code="t">Su alcuni termini fenici concernenti la tessitura (Materiali per il lessico fenicio - IV) /</subfield>
         <subfield code="r">P. Xella.</subfield>
      </datafield>
      <datafield tag="546" ind1=" " ind2=" ">
         <subfield code="a">Italian, English.</subfield>
      </datafield>
      <datafield tag="650" ind1=" " ind2="0">
         <subfield code="a">Akkadian language.</subfield>
      </datafield>
      <datafield tag="650" ind1=" " ind2="0">
         <subfield code="a">Sumerian language.</subfield>
      </datafield>
      <datafield tag="650" ind1=" " ind2="0">
         <subfield code="a">Cuneiform tablets.</subfield>
      </datafield>
      <datafield tag="650" ind1=" " ind2="0">
         <subfield code="a">Assyro-Babylonian literature.</subfield>
      </datafield>
      <datafield tag="651" ind1=" " ind2="0">
         <subfield code="a">Middle East</subfield>
         <subfield code="x">History</subfield>
         <subfield code="y">To 622.</subfield>
      </datafield>
      <datafield tag="650" ind1=" " ind2="7">
         <subfield code="a">Akkadian language.</subfield>
         <subfield code="2">fast</subfield>
         <subfield code="0">(OCoLC)fst00803982</subfield>
      </datafield>
      <datafield tag="650" ind1=" " ind2="7">
         <subfield code="a">Sumerian language.</subfield>
         <subfield code="2">fast</subfield>
         <subfield code="0">(OCoLC)fst01138450</subfield>
      </datafield>
      <datafield tag="651" ind1=" " ind2="7">
         <subfield code="a">Middle East.</subfield>
         <subfield code="2">fast</subfield>
         <subfield code="0">(OCoLC)fst01241586</subfield>
      </datafield>
      <datafield tag="655" ind1=" " ind2="7">
         <subfield code="a">History.</subfield>
         <subfield code="2">fast</subfield>
         <subfield code="0">(OCoLC)fst01411628</subfield>
      </datafield>
      <datafield tag="700" ind1="1" ind2=" ">
         <subfield code="a">Biga, Maria Giovanna,</subfield>
         <subfield code="e">editor.</subfield>
      </datafield>
      <datafield tag="700" ind1="1" ind2=" ">
         <subfield code="a">Mayer, Werner R.,</subfield>
         <subfield code="e">honoree.</subfield>
      </datafield>
      <datafield tag="700" ind1="1" ind2=" ">
         <subfield code="a">Liverani, Mario,</subfield>
         <subfield code="e">editor.</subfield>
      </datafield>
      <datafield tag="830" ind1=" " ind2="0">
         <subfield code="a">Vicino oriente.</subfield>
         <subfield code="p">Quaderno ;</subfield>
         <subfield code="v">5.</subfield>
      </datafield>
      <datafield tag="994" ind1=" " ind2=" ">
         <subfield code="a">Z0</subfield>
         <subfield code="b">ZYU</subfield>
      </datafield>
      <datafield tag="OWN" ind1=" " ind2=" ">
         <subfield code="a">GENERAL</subfield>
      </datafield>
      <datafield tag="AVA" ind1=" " ind2=" ">
         <subfield code="a">NYU50</subfield>
         <subfield code="b">NISAW</subfield>
         <subfield code="c">Small Collection</subfield>
         <subfield code="d">PJ3126.W47 A63 2010</subfield>
         <subfield code="e">available</subfield>
         <subfield code="t">Available</subfield>
         <subfield code="f">1</subfield>
         <subfield code="g">0</subfield>
         <subfield code="h">N</subfield>
         <subfield code="i">0</subfield>
         <subfield code="j">SMALL</subfield>
         <subfield code="k">0</subfield>
      </datafield>
      <marc:datafield tag="852" ind1=" " ind2=" ">
         <marc:subfield code="b">Institute for the Study of the Ancient World, </marc:subfield>
         <marc:subfield code="c">Small Collection</marc:subfield>
         <marc:subfield code="e">15 East 84th St., </marc:subfield>
         <marc:subfield code="e">New York, NY  10028</marc:subfield>
      </marc:datafield>
   </record>