

  
  <record xsi:schemaLocation="http://www.loc.gov/MARC21/slim http://www.loc.gov/standards/marcxml/schema/MARC21slim.xsd">
      <leader>00000cam a22      i 4500</leader>
      <controlfield tag="FMT">BK</controlfield>
      <controlfield tag="LDR">00000cam a22      i 4500</controlfield>
      <controlfield tag="001">004271046</controlfield>
      <controlfield tag="005">20160420162539.0</controlfield>
      <controlfield tag="008">160411s2015    pl ab    b    000 0 eng d</controlfield>
      <datafield tag="020" ind1=" " ind2=" ">
         <subfield code="a">9788393842575 (hbk)</subfield>
      </datafield>
      <datafield tag="020" ind1=" " ind2=" ">
         <subfield code="a">8393842573 (hbk)</subfield>
      </datafield>
      <datafield tag="035" ind1=" " ind2=" ">
         <subfield code="a">(OCoLC)940501785</subfield>
      </datafield>
      <datafield tag="040" ind1=" " ind2=" ">
         <subfield code="a">NLGGC</subfield>
         <subfield code="b">eng</subfield>
         <subfield code="e">rda</subfield>
         <subfield code="c">NLGGC</subfield>
         <subfield code="d">DDO</subfield>
         <subfield code="d">OCLCO</subfield>
         <subfield code="d">NNU</subfield>
      </datafield>
      <datafield tag="041" ind1="0" ind2=" ">
         <subfield code="a">eng</subfield>
         <subfield code="a">fre</subfield>
      </datafield>
      <datafield tag="043" ind1=" " ind2=" ">
         <subfield code="a">f-sj---</subfield>
      </datafield>
      <datafield tag="050" ind1=" " ind2="4">
         <subfield code="a">DT159.6.N83</subfield>
         <subfield code="b">N8252 2015</subfield>
      </datafield>
      <datafield tag="245" ind1="0" ind2="0">
         <subfield code="a">Nubian voices II :</subfield>
         <subfield code="b">new texts and studies on Christian Nubian culture /</subfield>
         <subfield code="c">edited by Adam Łajtar, Grzegorz Ochała, Jacques van der Vliet.</subfield>
      </datafield>
      <datafield tag="250" ind1=" " ind2=" ">
         <subfield code="a">Wydanie 1</subfield>
      </datafield>
      <datafield tag="264" ind1=" " ind2="1">
         <subfield code="a">Warsaw :</subfield>
         <subfield code="b">University of Warsaw, Faculty of Law and Administration, Chair of Roman and Antique Law, Institute of Archaeology, Department of Papyrology ; The Raphael Taubenschlag Foundation,</subfield>
         <subfield code="c">2015.</subfield>
      </datafield>
      <datafield tag="300" ind1=" " ind2=" ">
         <subfield code="a">XIII, 334 pages :</subfield>
         <subfield code="b">illustrations, map ;</subfield>
         <subfield code="c">24 cm.</subfield>
      </datafield>
      <datafield tag="336" ind1=" " ind2=" ">
         <subfield code="a">text</subfield>
         <subfield code="b">txt</subfield>
         <subfield code="2">rdacontent</subfield>
      </datafield>
      <datafield tag="337" ind1=" " ind2=" ">
         <subfield code="a">unmediated</subfield>
         <subfield code="b">n</subfield>
         <subfield code="2">rdamedia</subfield>
      </datafield>
      <datafield tag="338" ind1=" " ind2=" ">
         <subfield code="a">volume</subfield>
         <subfield code="b">nc</subfield>
         <subfield code="2">rdacarrier</subfield>
      </datafield>
      <datafield tag="490" ind1="1" ind2=" ">
         <subfield code="a">Journal of juristic papyrology. Supplements ;</subfield>
         <subfield code="v">volume XXVII</subfield>
      </datafield>
      <datafield tag="500" ind1=" " ind2=" ">
         <subfield code="a">Contributions in English, one in French.</subfield>
      </datafield>
      <datafield tag="504" ind1=" " ind2=" ">
         <subfield code="a">Includes bibliographical references.</subfield>
      </datafield>
      <datafield tag="505" ind1="0" ind2="0">
         <subfield code="g">Part One.</subfield>
         <subfield code="t">New Texts.</subfield>
         <subfield code="t">The memorial stone of Bishop Joseph III of Aswan /</subfield>
         <subfield code="r">Renate Dekker --</subfield>
         <subfield code="t">Four north-Nubian funerary stelae from the Bankes Collection /</subfield>
         <subfield code="r">Jacques van der Vliet &amp; Klaas A. Worp --</subfield>
         <subfield code="t">A Syriac alphabet from Qasr Ibrim /</subfield>
         <subfield code="r">Jan van Ginkel &amp; Jacques van der Vliet --</subfield>
         <subfield code="t">Qasr Ibrim’s Old Nubian burial-shroud (QI inv. 78.1.24/53 = NI46) /</subfield>
         <subfield code="r">Giovanni R. Ruffini --</subfield>
         <subfield code="t">Two wall inscriptions from the Faras cathedral with lists of people and goods /</subfield>
         <subfield code="r">Adam Łajtar &amp; Grzegorz Ochała --</subfield>
         <subfield code="t">An inscribed tomb chamber in Ukma-West /</subfield>
         <subfield code="r">Adam Łajtar &amp; Jacques van der Vliet --</subfield>
         <subfield code="t">Inscriptions from Saint Menas’ church in Selib /</subfield>
         <subfield code="r">Agata Deptuła --</subfield>
         <subfield code="t">Three fragments of terracotta epitaphs from el-Koro and Karmel (Abu Hamed Reach) /</subfield>
         <subfield code="r">Adam Łajtar.</subfield>
         <subfield code="g">Part Two.</subfield>
         <subfield code="t">Studies.</subfield>
         <subfield code="t">Les évêchés nubiens: nouveaux témoignages : La source de la liste de Vansleb et deux autres textes méconnus /</subfield>
         <subfield code="r">Robin Seignobos --</subfield>
         <subfield code="t">The mystery of Timikleos solved! /</subfield>
         <subfield code="r">Adam Łajtar --</subfield>
         <subfield code="t">The cryptogram ??G as a variant of the cryptogram ??G : On text and image in Christian Nubia /</subfield>
         <subfield code="r">Alexandros Tsakos --</subfield>
         <subfield code="t">Nubian voices from Edfu : Egyptian scribes and Nubian patrons in southern Egypt /</subfield>
         <subfield code="r">Jacques van der Vliet --</subfield>
         <subfield code="t">The soulou in medieval Old Nubian documents : A mobile ethnic or professional group? /</subfield>
         <subfield code="r">Petra Weschenfelder --</subfield>
         <subfield code="t">The multifunctional -α : A wild-card in Old Nubian grammar? /</subfield>
         <subfield code="r">Kerstin Weber-Thum &amp; Petra Weschenfelder --</subfield>
         <subfield code="t">A note on the Old Nubian morpheme -α in nominal and verbal predicates /</subfield>
         <subfield code="r">Vincent W. J. van Gerven Oei.</subfield>
      </datafield>
      <datafield tag="650" ind1=" " ind2="0">
         <subfield code="a">Christian antiquities</subfield>
         <subfield code="z">Sudan.</subfield>
      </datafield>
      <datafield tag="650" ind1=" " ind2="0">
         <subfield code="a">Inscriptions</subfield>
         <subfield code="z">Sudan.</subfield>
      </datafield>
      <datafield tag="650" ind1=" " ind2="0">
         <subfield code="a">Nubian languages</subfield>
         <subfield code="v">Texts.</subfield>
      </datafield>
      <datafield tag="700" ind1="1" ind2=" ">
         <subfield code="a">Łajtar, Adam,</subfield>
         <subfield code="e">editor.</subfield>
      </datafield>
      <datafield tag="700" ind1="1" ind2=" ">
         <subfield code="a">Ochała, Grzegorz,</subfield>
         <subfield code="e">editor</subfield>
      </datafield>
      <datafield tag="700" ind1="1" ind2=" ">
         <subfield code="a">Vliet, Jacques van der,</subfield>
         <subfield code="d">1952-</subfield>
         <subfield code="e">editor.</subfield>
      </datafield>
      <datafield tag="830" ind1=" " ind2="4">
         <subfield code="a">The journal of juristic papyrology.</subfield>
         <subfield code="p">Supplement ;</subfield>
         <subfield code="v">v. 27.</subfield>
      </datafield>
      <datafield tag="OWN" ind1=" " ind2=" ">
         <subfield code="a">GENERAL</subfield>
      </datafield>
      <datafield tag="AVA" ind1=" " ind2=" ">
         <subfield code="a">NYU50</subfield>
         <subfield code="b">NISAW</subfield>
         <subfield code="c">Small Collection</subfield>
         <subfield code="d">DT159.6.N83 N8252 2015</subfield>
         <subfield code="e">available</subfield>
         <subfield code="t">Available</subfield>
         <subfield code="f">1</subfield>
         <subfield code="g">0</subfield>
         <subfield code="h">N</subfield>
         <subfield code="i">0</subfield>
         <subfield code="j">SMALL</subfield>
         <subfield code="k">0</subfield>
      </datafield>
      <marc:datafield tag="852" ind1=" " ind2=" ">
         <marc:subfield code="b">Institute for the Study of the Ancient World, </marc:subfield>
         <marc:subfield code="c">Small Collection</marc:subfield>
         <marc:subfield code="e">15 East 84th St., </marc:subfield>
         <marc:subfield code="e">New York, NY  10028</marc:subfield>
      </marc:datafield>
   </record>