

  
  <record xsi:schemaLocation="http://www.loc.gov/MARC21/slim http://www.loc.gov/standards/marcxml/schema/MARC21slim.xsd">
      <leader>00000cam a22        4500</leader>
      <controlfield tag="FMT">BK</controlfield>
      <controlfield tag="LDR">00000cam a22        4500</controlfield>
      <controlfield tag="001">004271417</controlfield>
      <controlfield tag="005">20160415120745.0</controlfield>
      <controlfield tag="008">160412s1932    gw       b    000 0 ger c</controlfield>
      <datafield tag="010" ind1=" " ind2=" ">
         <subfield code="a">ac 32000335</subfield>
      </datafield>
      <datafield tag="035" ind1=" " ind2=" ">
         <subfield code="a">(OCoLC)3393438</subfield>
      </datafield>
      <datafield tag="040" ind1=" " ind2=" ">
         <subfield code="a">Univ. of Mich.</subfield>
         <subfield code="b">eng</subfield>
         <subfield code="c">YUS</subfield>
         <subfield code="d">OCLCQ</subfield>
         <subfield code="d">OCLCG</subfield>
         <subfield code="d">STF</subfield>
         <subfield code="d">HEBIS</subfield>
         <subfield code="d">Z@L</subfield>
         <subfield code="d">GBVCP</subfield>
         <subfield code="d">OCLCO</subfield>
         <subfield code="d">OCLCF</subfield>
         <subfield code="d">OCLCQ</subfield>
         <subfield code="d">OCLCO</subfield>
      </datafield>
      <datafield tag="041" ind1="0" ind2=" ">
         <subfield code="a">ger</subfield>
         <subfield code="a">mul</subfield>
      </datafield>
      <datafield tag="043" ind1=" " ind2=" ">
         <subfield code="a">a-tu---</subfield>
      </datafield>
      <datafield tag="050" ind1="0" ind2="4">
         <subfield code="a">CN1155</subfield>
         <subfield code="b">.F7 1932</subfield>
      </datafield>
      <datafield tag="082" ind1="0" ind2="4">
         <subfield code="a">491.998</subfield>
         <subfield code="2">22</subfield>
      </datafield>
      <datafield tag="084" ind1=" " ind2=" ">
         <subfield code="a">EW 490</subfield>
         <subfield code="2">rvk</subfield>
      </datafield>
      <datafield tag="100" ind1="1" ind2=" ">
         <subfield code="a">Friedrich, Johannes,</subfield>
         <subfield code="d">1893-1972,</subfield>
         <subfield code="e">editor.</subfield>
      </datafield>
      <datafield tag="245" ind1="1" ind2="0">
         <subfield code="a">Kleinasiatische sprachdenkmäler /</subfield>
         <subfield code="c">zusammengestellt von Johannes Friedrich.</subfield>
      </datafield>
      <datafield tag="260" ind1=" " ind2=" ">
         <subfield code="a">Berlin :</subfield>
         <subfield code="b">W. de Gruyter &amp; Co.,</subfield>
         <subfield code="c">1932.</subfield>
      </datafield>
      <datafield tag="300" ind1=" " ind2=" ">
         <subfield code="a">viii, 155, [1] pages, 1 leaf ;</subfield>
         <subfield code="c">19 cm.</subfield>
      </datafield>
      <datafield tag="336" ind1=" " ind2=" ">
         <subfield code="a">text</subfield>
         <subfield code="b">txt</subfield>
         <subfield code="2">rdacontent</subfield>
      </datafield>
      <datafield tag="337" ind1=" " ind2=" ">
         <subfield code="a">unmediated</subfield>
         <subfield code="b">n</subfield>
         <subfield code="2">rdamedia</subfield>
      </datafield>
      <datafield tag="338" ind1=" " ind2=" ">
         <subfield code="a">volume</subfield>
         <subfield code="b">nc</subfield>
         <subfield code="2">rdacarrier</subfield>
      </datafield>
      <datafield tag="490" ind1="1" ind2=" ">
         <subfield code="a">Kleine Texte für Vorlesungen und Übungen ;</subfield>
         <subfield code="v">163</subfield>
      </datafield>
      <datafield tag="504" ind1=" " ind2=" ">
         <subfield code="a">Includes bibliographical references.</subfield>
      </datafield>
      <datafield tag="505" ind1="0" ind2="0">
         <subfield code="t">Protohattische Texte --</subfield>
         <subfield code="t">Subaräische Texte --</subfield>
         <subfield code="t">Der Mitannibrief --</subfield>
         <subfield code="t">Churrische Texte --</subfield>
         <subfield code="t">Luwische Texte --</subfield>
         <subfield code="t">Die Stele von Örek-burnu --</subfield>
         <subfield code="t">Chaldische (urartäische) Texte --</subfield>
         <subfield code="t">Eteokyprische Texte --</subfield>
         <subfield code="t">Lykische Texte --</subfield>
         <subfield code="t">Karische Texte --</subfield>
         <subfield code="t">Lydische Texte --</subfield>
         <subfield code="t">Phrygische Texte --</subfield>
         <subfield code="t">Altphrygische Inschriften --</subfield>
         <subfield code="t">Neuphrygische Inschriften --</subfield>
         <subfield code="t">Eine Inschrift aus dem mysisch-phrygischen Grenzgebiet --</subfield>
         <subfield code="t">Pisidische(?) Texte --</subfield>
         <subfield code="g">Anhang :</subfield>
         <subfield code="t">Texte aus der Ägäis --</subfield>
         <subfield code="t">Die Stele von Lemnos --</subfield>
         <subfield code="t">Eteokretische Texte in ägyptischer und griechischer Schrift --</subfield>
         <subfield code="t">Die kretische Beschwörung im Londoner Medizinischen Papyrus --</subfield>
         <subfield code="t">Die Inschriften in griechischer Schrift --</subfield>
         <subfield code="t">Die thrakische Ringinschrift --</subfield>
         <subfield code="g">Nachtrag :</subfield>
         <subfield code="t">Das sumerisch-fremdsprachige Vokabular von Ras-Šamra.</subfield>
      </datafield>
      <datafield tag="500" ind1=" " ind2=" ">
         <subfield code="a">ISAW copy is from the Library of Hayim and Miriam Tadmor.</subfield>
         <subfield code="5">NNU</subfield>
      </datafield>
      <datafield tag="650" ind1=" " ind2="0">
         <subfield code="a">Inscriptions</subfield>
         <subfield code="z">Turkey.</subfield>
      </datafield>
      <datafield tag="650" ind1=" " ind2="0">
         <subfield code="a">Anatolian languages.</subfield>
      </datafield>
      <datafield tag="776" ind1="0" ind2="8">
         <subfield code="i">Online version:</subfield>
         <subfield code="a">Friedrich, Johannes, 1893-1972.</subfield>
         <subfield code="t">Kleinasiatische sprachdenkmäler.</subfield>
         <subfield code="d">Berlin, W. de Gruyter &amp; co., 1932</subfield>
         <subfield code="w">(OCoLC)615631290</subfield>
      </datafield>
      <datafield tag="796" ind1="1" ind2=" ">
         <subfield code="a">Tadmor, Hayim,</subfield>
         <subfield code="e">former owner.</subfield>
      </datafield>
      <datafield tag="796" ind1="1" ind2=" ">
         <subfield code="a">Tadmor, Miriam,</subfield>
         <subfield code="e">former owner.</subfield>
      </datafield>
      <datafield tag="797" ind1="2" ind2=" ">
         <subfield code="a">Tadmor Collection.</subfield>
      </datafield>
      <datafield tag="830" ind1=" " ind2="0">
         <subfield code="a">Kleine Texte für Vorlesungen und Übungen ;</subfield>
         <subfield code="v">163.</subfield>
      </datafield>
      <datafield tag="OWN" ind1=" " ind2=" ">
         <subfield code="a">GENERAL</subfield>
      </datafield>
      <datafield tag="AVA" ind1=" " ind2=" ">
         <subfield code="a">NYU50</subfield>
         <subfield code="b">NISAW</subfield>
         <subfield code="c">Small Collection</subfield>
         <subfield code="d">CN1155 .F7 1932</subfield>
         <subfield code="e">available</subfield>
         <subfield code="t">Available</subfield>
         <subfield code="f">1</subfield>
         <subfield code="g">0</subfield>
         <subfield code="h">N</subfield>
         <subfield code="i">0</subfield>
         <subfield code="j">SMALL</subfield>
         <subfield code="k">0</subfield>
      </datafield>
      <marc:datafield tag="852" ind1=" " ind2=" ">
         <marc:subfield code="b">Institute for the Study of the Ancient World, </marc:subfield>
         <marc:subfield code="c">Small Collection</marc:subfield>
         <marc:subfield code="e">15 East 84th St., </marc:subfield>
         <marc:subfield code="e">New York, NY  10028</marc:subfield>
      </marc:datafield>
   </record>