

  
  <record xsi:schemaLocation="http://www.loc.gov/MARC21/slim http://www.loc.gov/standards/marcxml/schema/MARC21slim.xsd">
      <leader>00000cam a2200541 a 4500</leader>
      <controlfield tag="FMT">BK</controlfield>
      <controlfield tag="LDR">00000cam a2200541 a 4500</controlfield>
      <controlfield tag="001">004273648</controlfield>
      <controlfield tag="003">OCoLC</controlfield>
      <controlfield tag="005">20160421163722.0</controlfield>
      <controlfield tag="008">160415s2009    gw abe   b    010 0dger</controlfield>
      <datafield tag="010" ind1=" " ind2=" ">
         <subfield code="a">2010359634</subfield>
      </datafield>
      <datafield tag="016" ind1="7" ind2=" ">
         <subfield code="a">015440502</subfield>
         <subfield code="2">Uk</subfield>
      </datafield>
      <datafield tag="020" ind1=" " ind2=" ">
         <subfield code="a">9783806223316</subfield>
      </datafield>
      <datafield tag="020" ind1=" " ind2=" ">
         <subfield code="a">3806223319</subfield>
      </datafield>
      <datafield tag="020" ind1=" " ind2=" ">
         <subfield code="a">9783806222609</subfield>
      </datafield>
      <datafield tag="020" ind1=" " ind2=" ">
         <subfield code="a">3806222606</subfield>
      </datafield>
      <datafield tag="035" ind1=" " ind2=" ">
         <subfield code="a">(OCoLC)786001426</subfield>
         <subfield code="z">(OCoLC)505235154</subfield>
      </datafield>
      <datafield tag="040" ind1=" " ind2=" ">
         <subfield code="a">DLC</subfield>
         <subfield code="b">eng</subfield>
         <subfield code="c">DLC</subfield>
         <subfield code="d">UKMGB</subfield>
         <subfield code="d">LTU</subfield>
         <subfield code="d">PUL</subfield>
         <subfield code="d">OCLCO</subfield>
         <subfield code="d">OCLCF</subfield>
         <subfield code="d">OCLCO</subfield>
         <subfield code="d">OCLCQ</subfield>
         <subfield code="d">NNU</subfield>
      </datafield>
      <datafield tag="042" ind1=" " ind2=" ">
         <subfield code="a">pcc</subfield>
      </datafield>
      <datafield tag="043" ind1=" " ind2=" ">
         <subfield code="a">e-gx---</subfield>
      </datafield>
      <datafield tag="050" ind1="0" ind2="0">
         <subfield code="a">DD784.5</subfield>
         <subfield code="b">.L36 2009</subfield>
      </datafield>
      <datafield tag="245" ind1="0" ind2="0">
         <subfield code="a">Landesarchäologie :</subfield>
         <subfield code="b">Festschrift für Dieter Planck zum 65. Geburtstag /</subfield>
         <subfield code="c">herausgegeben von Jörg Biel, Jörg Heiligmann und Dirk Krausse.</subfield>
      </datafield>
      <datafield tag="246" ind1="1" ind2=" ">
         <subfield code="i">At head of title:</subfield>
         <subfield code="a">Regierungspräsidium Stuttgart, Landesamt für Denkmalpflege</subfield>
      </datafield>
      <datafield tag="260" ind1=" " ind2=" ">
         <subfield code="a">Stuttgart :</subfield>
         <subfield code="b">Kommissionsverlag, Konrad Theiss,</subfield>
         <subfield code="c">2009.</subfield>
      </datafield>
      <datafield tag="300" ind1=" " ind2=" ">
         <subfield code="a">740 pages :</subfield>
         <subfield code="b">illustrations (some color), maps (some color), plans (some color) ;</subfield>
         <subfield code="c">31 cm.</subfield>
      </datafield>
      <datafield tag="336" ind1=" " ind2=" ">
         <subfield code="a">text</subfield>
         <subfield code="b">txt</subfield>
         <subfield code="2">rdacontent</subfield>
      </datafield>
      <datafield tag="337" ind1=" " ind2=" ">
         <subfield code="a">unmediated</subfield>
         <subfield code="b">n</subfield>
         <subfield code="2">rdamedia</subfield>
      </datafield>
      <datafield tag="338" ind1=" " ind2=" ">
         <subfield code="a">volume</subfield>
         <subfield code="b">nc</subfield>
         <subfield code="2">rdacarrier</subfield>
      </datafield>
      <datafield tag="490" ind1="1" ind2=" ">
         <subfield code="a">Forschungen und Berichte zur Vor- und Frühgeschichte in Baden-Württemberg ;</subfield>
         <subfield code="v">100</subfield>
      </datafield>
      <datafield tag="504" ind1=" " ind2=" ">
         <subfield code="a">Includes bibliographical references.</subfield>
      </datafield>
      <datafield tag="505" ind1="0" ind2="0">
         <subfield code="g">Grusswort /</subfield>
         <subfield code="r">Ernst Pfister --</subfield>
         <subfield code="g">Grusswort /</subfield>
         <subfield code="r">Johannes Schmalzl --</subfield>
         <subfield code="g">Vorwort der Herausgeber /</subfield>
         <subfield code="r">Dirk Krausse --</subfield>
         <subfield code="g">Dieter Planck zum 65. Geburtstag /</subfield>
         <subfield code="r">Jörg Biegl --</subfield>
         <subfield code="g">Der Verband der Landesarchäologen in der Bundesrepublik Deutschland unter dem Vorsitz von Dieter Planck (1988 bis 2003). Beobachtungen und Anmerkungen /</subfield>
         <subfield code="r">Jürgen Kunow --</subfield>
         <subfield code="g">Schriftenverzeichnis Dieter Planck /</subfield>
         <subfield code="r">Zusammengestellt von Jörg Biegl und Martin Luik.</subfield>
         <subfield code="g">Beiträge zur Archäologie Südwestdeutschlands.</subfield>
         <subfield code="t">Haselnüsse am Fluss. Ein spezialisierter Lagerplatz aus dem frühmesolithischen Horizont IV von Siebenlinden (Rottenburg a.N., Kreis Täbingen) /</subfield>
         <subfield code="r">Claus-Joachim Kind und Thomas Beutelspacher --</subfield>
         <subfield code="t">Eine neue Siedlungskammer im westlichen Federseeried und ihre Bedeutung für das Verständnis neolithischer Siedelsysteme /</subfield>
         <subfield code="r">Helmut Schlichtherle --</subfield>
         <subfield code="t">Eine Gräbergruppe des Jung- bis Endneolithikums von Engen-Welschingen, Landkreis Konstanz /</subfield>
         <subfield code="r">Jürgen Hald und Joachim Wahl --</subfield>
         <subfield code="t">Seltene Grabfunde auf der Trasse der NATO-Pipeline in Baden-Württemberg. Vorbericht zu den Ausgrabungen im Ostalbkreis und im Kreis Heidenheim /</subfield>
         <subfield code="r">Jörg Bofinger und Christian Bollacher --</subfield>
         <subfield code="t">Überlegungen zu reich ausgestatteten Frauengräbern im westlichen Späthallstattkreis /</subfield>
         <subfield code="r">Andrea Bräuning --</subfield>
         <subfield code="t">Neue Herren auf der Burg? Ein Beitrag zur historischen Interpretation der Heuneburg am Ende der Periode IV /</subfield>
         <subfield code="r">Siegfried Kurz --</subfield>
         <subfield code="t">Das frühkeltische Fürstengrab von Eberdingen-Hochdorf. Eine Inszenierung /</subfield>
         <subfield code="r">Jörg Biel --</subfield>
         <subfield code="t">Eine Bronzesitula mit hölzernem Deckelknopf aus einem Grabhügel bei Assmannshardt, Gde. Schemmerhofen, Kreis Biberach. Zur jüngeren Hallstattzeit zwischen Donau und Riss /</subfield>
         <subfield code="r">Hartmann Reim --</subfield>
      </datafield>
      <datafield tag="505" ind1="8" ind2="0">
         <subfield code="t">Vorgeschichtliche Höhensiedlungen am rand des Nordschwarzwaldes. Überlegungen zur eisenzeitlichen Besiedlung eines besonderen Naturraumes /</subfield>
         <subfield code="r">Günther Wieland --</subfield>
         <subfield code="t">Jenseits des Limes. Germanen der Römischen Kaiserzeit im Taubertal /</subfield>
         <subfield code="r">Ralf Keller --</subfield>
         <subfield code="t">Römischer Grenzwall in Westerwald und Taunus. Zum Limes in Rheinland-Pfalz /</subfield>
         <subfield code="r">Hans-Helmuit Wegner und Cliff Alexander Jost --</subfield>
         <subfield code="t">Frühe Eisengewinnung rechts und links des Rheins. Woher kam das Eisen im Dekumatland? /</subfield>
         <subfield code="r">Hans-Peter Kuhnen --</subfield>
         <subfield code="t">Die Rottweiler Kastelle /</subfield>
         <subfield code="r">Klaus Kortüm und Johannes Lauber --</subfield>
         <subfield code="t">Zur Deutung von Grinarione /</subfield>
         <subfield code="r">Martin Luik --</subfield>
         <subfield code="t">Die Meilensteine des Caracalla aus dem Jahre 212 n. Chr. an der Strasse nach (Aquae) Phoebinae/Faimingen /</subfield>
         <subfield code="r">Hans Ulrich Nuber und Gabriele Seitz --</subfield>
         <subfield code="t">Römische Keller mit bemalten Wandnischen in Baden-Württemberg /</subfield>
         <subfield code="r">Meinrad N. Filgis --</subfield>
         <subfield code="t">Reichlich Speicherplatz. Ein horreum von Bad Rappenau, Kreis Heilbronn /</subfield>
         <subfield code="r">Johann-Christoph Wulfmeier und Hans Heinz Hartmann --</subfield>
         <subfield code="t">Der Inhalt eines horreums von Bad Rappenau, Kreis Heilbronn /</subfield>
         <subfield code="r">Manfred Rösch --</subfield>
         <subfield code="t">Eine neue Jupitergigantensäule aus Heidelberg /</subfield>
         <subfield code="r">Renate Ludwig und Peter Noelke mit Beiträgen von Petra Mayer-Reppert, Francisca Feraudi-Gruénais und Brigitte Gräf --</subfield>
         <subfield code="t">Öllampen der römischen Nekropole von Heidelberg. Indikatoren einer Energiekrise in der Provinz /</subfield>
         <subfield code="r">Andreas Hensen --</subfield>
         <subfield code="t">"Römische Eisensache". Zu einem Holzbearbeitungs-Wekzeug aus Schorndorf-Schornbach, Rems-Murr-Kreis /</subfield>
         <subfield code="r">Jutta Ronke --</subfield>
         <subfield code="t">Lange gesammelt- und plötzlich verloren. Der römischhe Schmiedefund aus Heidenheim a.d. Brenz /</subfield>
         <subfield code="r">Britta Rabold --</subfield>
         <subfield code="t">Die spätantike Besiedlung der östlichen Schwäbischen Alb /</subfield>
         <subfield code="r">Markus Scholz --</subfield>
         <subfield code="t">Das völkerwanderungszeitliche Gräberfeld von Wyhl am kaiserstuhl (Oberrhein). Ein Beitrag zu den "foederati" im Vorfeld der spätrömischen Reichsgrenze /</subfield>
         <subfield code="r">Gerhard Fingerlin --</subfield>
      </datafield>
      <datafield tag="505" ind1="8" ind2="0">
         <subfield code="t">Aussergewöhnliche Gräber beim Herrenhof. Merowingerzeitliche Siedlungsbestattungen aus Lauchheim "Mittelhofen" /</subfield>
         <subfield code="r">Joachim Wahl und Ingo Stork --</subfield>
         <subfield code="t">Zur Ausgrabung und Erforschung einer Wüstung in Mannheim-Vogelstang. Ein Beitrag zur früh- bis hochmittelalterlichen Siedlungsgeschichte am unteren Neckar /</subfield>
         <subfield code="r">Folke Damminger und Uwe Gross --</subfield>
         <subfield code="t">Römischer Strand und Frühmittelalterliche Bischofsburg. Die Grabung 1995 in der Hofhalde 8 in Konstanz /</subfield>
         <subfield code="r">Jörg Heiligmann und Ralph Röber --</subfield>
         <subfield code="t">Grundstücks- und Bauentwicklung am Ulmer Markt. Ergebnisse der Grossgrabung Neue Strasse (2001-2004) /</subfield>
         <subfield code="r">Gabriele Legant.</subfield>
         <subfield code="t">Archäologie und Naturwissenschaften : Denkmalpflege und Forschung.</subfield>
         <subfield code="t">Textilarchäologische Kleiderforschung in der Ur- und Frühgeschichte. Zum Potenzial von Feuchtbodenfunden /</subfield>
         <subfield code="r">Johanna Banck-Burgess --</subfield>
         <subfield code="t">Der Stand der Dendrochronologie für die Römerzeit in Baden-Württemberg /</subfield>
         <subfield code="r">André Billamboz --</subfield>
         <subfield code="t">Tierknochenfunde aus dem Tempelbezirk von Sumelocenna, Rottenburg a.N., Kreis Tübingen /</subfield>
         <subfield code="r">Elisabeth Stephan --</subfield>
         <subfield code="t">Schwepunktbildung oder flächendeckender Ansatz in der Bodendenkmalpflege: (k)ein Wilderspruch? /</subfield>
         <subfield code="r">C. Sebastian Sommer --</subfield>
         <subfield code="t">hessenArchäologie21 /</subfield>
         <subfield code="r">Egon Schallmayer --</subfield>
         <subfield code="t">Die Entwicklung der Bodendenkmalpflege in Bremen /</subfield>
         <subfield code="r">Manfred Rech --</subfield>
         <subfield code="t">Aus erster hand, hautnah und aktuell. Von der Präsentation bodendenkmalpflegerischer Arbeit in Nordrhein-Westfalen /</subfield>
         <subfield code="r">Heinz Günter Horn.</subfield>
      </datafield>
      <datafield tag="651" ind1=" " ind2="0">
         <subfield code="a">Germany, Southern</subfield>
         <subfield code="x">Antiquities.</subfield>
      </datafield>
      <datafield tag="651" ind1=" " ind2="0">
         <subfield code="a">Baden-Württemberg (Germany)</subfield>
         <subfield code="x">Antiquities.</subfield>
      </datafield>
      <datafield tag="650" ind1=" " ind2="0">
         <subfield code="a">Excavations (Archaeology)</subfield>
         <subfield code="z">Germany, Southern.</subfield>
      </datafield>
      <datafield tag="650" ind1=" " ind2="0">
         <subfield code="a">Excavations (Archaeology)</subfield>
         <subfield code="z">Germany</subfield>
         <subfield code="z">Baden-Württemberg.</subfield>
      </datafield>
      <datafield tag="650" ind1=" " ind2="7">
         <subfield code="a">Antiquities.</subfield>
         <subfield code="2">fast</subfield>
         <subfield code="0">(OCoLC)fst00810745</subfield>
      </datafield>
      <datafield tag="651" ind1=" " ind2="7">
         <subfield code="a">Germany</subfield>
         <subfield code="z">Baden-Württemberg.</subfield>
         <subfield code="2">fast</subfield>
         <subfield code="0">(OCoLC)fst01206037</subfield>
      </datafield>
      <datafield tag="651" ind1=" " ind2="7">
         <subfield code="a">Germany, Southern.</subfield>
         <subfield code="2">fast</subfield>
         <subfield code="0">(OCoLC)fst01692618</subfield>
      </datafield>
      <datafield tag="700" ind1="1" ind2=" ">
         <subfield code="a">Biel, Jörg.</subfield>
      </datafield>
      <datafield tag="700" ind1="1" ind2=" ">
         <subfield code="a">Heiligmann, Jörg,</subfield>
         <subfield code="d">1952-</subfield>
      </datafield>
      <datafield tag="700" ind1="1" ind2=" ">
         <subfield code="a">Krausse, Dirk.</subfield>
      </datafield>
      <datafield tag="700" ind1="1" ind2=" ">
         <subfield code="a">Planck, Dieter,</subfield>
         <subfield code="e">honoree.</subfield>
      </datafield>
      <datafield tag="710" ind1="1" ind2=" ">
         <subfield code="a">Stuttgart (Germany : Regierungsbezirk).</subfield>
         <subfield code="b">Landesamt für Denkmalpflege.</subfield>
      </datafield>
      <datafield tag="830" ind1=" " ind2="0">
         <subfield code="a">Forschungen und Berichte zur Vor- und Frühgeschichte in Baden-Württemberg ;</subfield>
         <subfield code="v">100.</subfield>
      </datafield>
      <datafield tag="994" ind1=" " ind2=" ">
         <subfield code="a">Z0</subfield>
         <subfield code="b">ZYU</subfield>
      </datafield>
      <datafield tag="OWN" ind1=" " ind2=" ">
         <subfield code="a">GENERAL</subfield>
      </datafield>
      <datafield tag="AVA" ind1=" " ind2=" ">
         <subfield code="a">NYU50</subfield>
         <subfield code="b">NISAW</subfield>
         <subfield code="c">Large Collection</subfield>
         <subfield code="d">DD784.5 .L36 2009</subfield>
         <subfield code="e">available</subfield>
         <subfield code="t">Available</subfield>
         <subfield code="f">1</subfield>
         <subfield code="g">0</subfield>
         <subfield code="h">N</subfield>
         <subfield code="i">0</subfield>
         <subfield code="j">LARGE</subfield>
         <subfield code="k">0</subfield>
      </datafield>
      <marc:datafield tag="852" ind1=" " ind2=" ">
         <marc:subfield code="b">Institute for the Study of the Ancient World, </marc:subfield>
         <marc:subfield code="c">Large Collection</marc:subfield>
         <marc:subfield code="e">15 East 84th St., </marc:subfield>
         <marc:subfield code="e">New York, NY  10028</marc:subfield>
      </marc:datafield>
   </record>