

  
  <record xsi:schemaLocation="http://www.loc.gov/MARC21/slim http://www.loc.gov/standards/marcxml/schema/MARC21slim.xsd">
      <leader>00000nam a2200433 i 4500</leader>
      <controlfield tag="FMT">BK</controlfield>
      <controlfield tag="LDR">00000nam a2200433 i 4500</controlfield>
      <controlfield tag="001">004274018</controlfield>
      <controlfield tag="003">OCoLC</controlfield>
      <controlfield tag="005">20160420165006.0</controlfield>
      <controlfield tag="008">160418s2016    gw abef  b    000 0 ger d</controlfield>
      <datafield tag="020" ind1=" " ind2=" ">
         <subfield code="a">9783806229745</subfield>
      </datafield>
      <datafield tag="020" ind1=" " ind2=" ">
         <subfield code="a">3806229740</subfield>
      </datafield>
      <datafield tag="035" ind1=" " ind2=" ">
         <subfield code="a">(OCoLC)946886160</subfield>
      </datafield>
      <datafield tag="040" ind1=" " ind2=" ">
         <subfield code="a">ZYU</subfield>
         <subfield code="c">ZYU</subfield>
      </datafield>
      <datafield tag="043" ind1=" " ind2=" ">
         <subfield code="a">e-gx---</subfield>
      </datafield>
      <datafield tag="050" ind1=" " ind2="4">
         <subfield code="a">DD801.B2345</subfield>
         <subfield code="b">S54 1990 Bd.13</subfield>
      </datafield>
      <datafield tag="245" ind1="0" ind2="4">
         <subfield code="a">Die früh- und mittelbronzezeitliche "Siedlung Forschner" im Federseemoor :</subfield>
         <subfield code="b">Naturwissenschaftliche Untersuchungen ; Bohlenwege, Einbäume und weitere botanische Beiträge /</subfield>
         <subfield code="c">mit Beiträgen von Daniel Gunther [and twelve others].</subfield>
      </datafield>
      <datafield tag="246" ind1="3" ind2="0">
         <subfield code="a">Früh- und mittelbronzezeitliche "Siedlung Forschner" im Federseemoor</subfield>
      </datafield>
      <datafield tag="264" ind1=" " ind2="1">
         <subfield code="a">Darmstadt :</subfield>
         <subfield code="b">Konrad Theiss Verlag,</subfield>
         <subfield code="c">2016.</subfield>
      </datafield>
      <datafield tag="300" ind1=" " ind2=" ">
         <subfield code="a">573 pages :</subfield>
         <subfield code="b">illustrations (some color), maps, plans ;</subfield>
         <subfield code="c">30 cm +</subfield>
         <subfield code="e">15 folded plates.</subfield>
      </datafield>
      <datafield tag="336" ind1=" " ind2=" ">
         <subfield code="a">text</subfield>
         <subfield code="b">txt</subfield>
         <subfield code="2">rdacontent</subfield>
      </datafield>
      <datafield tag="336" ind1=" " ind2=" ">
         <subfield code="a">still image</subfield>
         <subfield code="b">sti</subfield>
         <subfield code="2">rdacontent</subfield>
      </datafield>
      <datafield tag="337" ind1=" " ind2=" ">
         <subfield code="a">unmediated</subfield>
         <subfield code="b">n</subfield>
         <subfield code="2">rdamedia</subfield>
      </datafield>
      <datafield tag="338" ind1=" " ind2=" ">
         <subfield code="a">volume</subfield>
         <subfield code="b">nc</subfield>
         <subfield code="2">rdacarrier</subfield>
      </datafield>
      <datafield tag="490" ind1="1" ind2=" ">
         <subfield code="a">Siedlungsarchäologie im Alpenvorland ;</subfield>
         <subfield code="v">13</subfield>
      </datafield>
      <datafield tag="490" ind1="1" ind2=" ">
         <subfield code="a">Forschungen und Berichte zur Vor- und Frühgeschichte in Baden-Württemberg ;</subfield>
         <subfield code="v">Band 128</subfield>
      </datafield>
      <datafield tag="500" ind1=" " ind2=" ">
         <subfield code="a">At head of title: Landesamt für Denkmalpflege im Regierungspräsidium Stuttgart.</subfield>
      </datafield>
      <datafield tag="500" ind1=" " ind2=" ">
         <subfield code="a">Plates in pocket.</subfield>
      </datafield>
      <datafield tag="504" ind1=" " ind2=" ">
         <subfield code="a">Includes bibliographical references.</subfield>
      </datafield>
      <datafield tag="505" ind1="0" ind2="0">
         <subfield code="t">Geologie der Überlaufschwellen im Federseebecken /</subfield>
         <subfield code="r">Udo Schreiber --</subfield>
         <subfield code="t">Stichprobenuntersuchungen von Gesteinen aus den Grabungsschnitten 66 und 67 der "Siedlung Forschner" im südlichen Federseeried /</subfield>
         <subfield code="r">Richard Vogt --</subfield>
         <subfield code="t">Die Bronzezeit im Siedlungsraum des Federsees : Pollenanalysen zur Landschaftsentwicklung /</subfield>
         <subfield code="r">Helga Liese-Kleiber --</subfield>
         <subfield code="t">Moorstratigraphische Untersuchungen zur Verlandungsgeschichte des südlichen Federseemoores im Umfeld der bronzezeitlichen "Siedlung Forschner" /</subfield>
         <subfield code="r">Ursula Maier --</subfield>
         <subfield code="t">Die verkohlten Pflanzenfunde aus der früh- bis mittelbronzezeitlichen "Siedlung Forschner" am Federsee (Südwestdeutschland) im überregionalen Vergleich /</subfield>
         <subfield code="r">Sabine Karg --</subfield>
         <subfield code="t">Eine Handvoll Knochen im Spülsaum : die menschlichen Skelettreste aus der "Siedlung Forschner" /</subfield>
         <subfield code="r">Joachim Wahl --</subfield>
         <subfield code="t">Die Tierknochenfunde aus der früh- bis mittelbronzezeitlichen "Siedlung Forschner" im Federseemor /</subfield>
         <subfield code="r">Elisabeth Stephan --</subfield>
         <subfield code="t">Die Fischreste aus der "Siedlung Forschner" und die Fischreste am prähistorishchen Federsee /</subfield>
         <subfield code="r">Wolfgang Torke --</subfield>
         <subfield code="t">Wirbellosenreste aus der bronzezeitlichen Station "Siedlung Forschner" im südlichen Federseebecken /</subfield>
         <subfield code="r">Edith Schmidt --</subfield>
         <subfield code="t">Die Einbäume der "Siedlung Forschner" und des Federseeriedes /</subfield>
         <subfield code="r">Martin Mainberger --</subfield>
         <subfield code="t">Dir vorgeschichtlichen Wege des Federseemoores /</subfield>
         <subfield code="r">Marion Heumüller --</subfield>
         <subfield code="t">Neue moorstratigraphische und archäobotanische Untersuchungen in der spätbronzezeitlichen Siedlung "Wasserburg Buchau" im südlichen Federseemoor /</subfield>
         <subfield code="r">Ursula Maier --</subfield>
         <subfield code="t">Der Fundplatz Oggelshausen-Bruckgraben : botanische Untersuchungen in einer hallstattzeitlichen Fischfangstation /</subfield>
         <subfield code="r">Ursula Maier --</subfield>
         <subfield code="t">Pflanzenreste aus der spätbronzezeitlichen Ufersiedlung Konstanz staad-Hörlepark am Überlinger See (Bodensee-Obersee) /</subfield>
         <subfield code="r">Manfred Rösch und Daniel Günther.</subfield>
      </datafield>
      <datafield tag="650" ind1=" " ind2="0">
         <subfield code="a">Excavations (Archaeology)</subfield>
         <subfield code="z">Germany</subfield>
         <subfield code="z">Baden-Württemberg.</subfield>
      </datafield>
      <datafield tag="650" ind1=" " ind2="0">
         <subfield code="a">Excavations (Archaeology)</subfield>
         <subfield code="z">Germany</subfield>
         <subfield code="z">Bad Buchau am Federsee (Germany)</subfield>
      </datafield>
      <datafield tag="650" ind1=" " ind2="0">
         <subfield code="a">Bronze age</subfield>
         <subfield code="z">Germany</subfield>
         <subfield code="z">Baden-Württemburg.</subfield>
      </datafield>
      <datafield tag="650" ind1=" " ind2="0">
         <subfield code="a">Bronze age</subfield>
         <subfield code="z">Germany</subfield>
         <subfield code="z">Bad Buchau am Federsee (Germany)</subfield>
      </datafield>
      <datafield tag="651" ind1=" " ind2="0">
         <subfield code="a">Baden-Württemberg (Germany)</subfield>
         <subfield code="x">Antiquities.</subfield>
      </datafield>
      <datafield tag="651" ind1=" " ind2="0">
         <subfield code="a">Bad Buchau am Federsee (Germany)</subfield>
         <subfield code="x">Antiquities.</subfield>
      </datafield>
      <datafield tag="700" ind1="1" ind2=" ">
         <subfield code="a">Günther, Daniel,</subfield>
         <subfield code="e">author.</subfield>
      </datafield>
      <datafield tag="710" ind1="1" ind2=" ">
         <subfield code="a">Stuttgart (Germany : Regierungsbezirk).</subfield>
         <subfield code="b">Landesamt für Denkmalpflege.</subfield>
      </datafield>
      <datafield tag="830" ind1=" " ind2="0">
         <subfield code="a">Siedlungsarchäologie im Alpenvorland ;</subfield>
         <subfield code="v">13.</subfield>
      </datafield>
      <datafield tag="830" ind1=" " ind2="0">
         <subfield code="a">Forschungen und Berichte zur Vor- und Frühgeschichte in Baden-Württemberg ;</subfield>
         <subfield code="v">Bd. 128.</subfield>
      </datafield>
      <datafield tag="994" ind1=" " ind2=" ">
         <subfield code="a">Z0</subfield>
         <subfield code="b">ZYU</subfield>
      </datafield>
      <datafield tag="OWN" ind1=" " ind2=" ">
         <subfield code="a">GENERAL</subfield>
      </datafield>
      <datafield tag="AVA" ind1=" " ind2=" ">
         <subfield code="a">NYU50</subfield>
         <subfield code="b">NISAW</subfield>
         <subfield code="c">Large Collection</subfield>
         <subfield code="d">DD801.B2345 S54 1990 Bd.13</subfield>
         <subfield code="e">available</subfield>
         <subfield code="t">Available</subfield>
         <subfield code="f">1</subfield>
         <subfield code="g">0</subfield>
         <subfield code="h">N</subfield>
         <subfield code="i">0</subfield>
         <subfield code="j">LARGE</subfield>
         <subfield code="k">0</subfield>
      </datafield>
      <marc:datafield tag="852" ind1=" " ind2=" ">
         <marc:subfield code="b">Institute for the Study of the Ancient World, </marc:subfield>
         <marc:subfield code="c">Large Collection</marc:subfield>
         <marc:subfield code="e">15 East 84th St., </marc:subfield>
         <marc:subfield code="e">New York, NY  10028</marc:subfield>
      </marc:datafield>
   </record>