

  
  <record xsi:schemaLocation="http://www.loc.gov/MARC21/slim http://www.loc.gov/standards/marcxml/schema/MARC21slim.xsd">
      <leader>00000cam a2200301 u 4500</leader>
      <controlfield tag="FMT">BK</controlfield>
      <controlfield tag="LDR">00000cam a2200301 u 4500</controlfield>
      <controlfield tag="001">004274039</controlfield>
      <controlfield tag="003">OCoLC</controlfield>
      <controlfield tag="005">20160421164238.0</controlfield>
      <controlfield tag="008">160418s1995    gw abe   b    000 0 ger d</controlfield>
      <datafield tag="020" ind1=" " ind2=" ">
         <subfield code="a">3806210780</subfield>
      </datafield>
      <datafield tag="020" ind1=" " ind2=" ">
         <subfield code="a">9783806210781</subfield>
      </datafield>
      <datafield tag="035" ind1=" " ind2=" ">
         <subfield code="a">(OCoLC)940996046</subfield>
      </datafield>
      <datafield tag="040" ind1=" " ind2=" ">
         <subfield code="a">LUN</subfield>
         <subfield code="b">eng</subfield>
         <subfield code="c">LUN</subfield>
         <subfield code="d">OCLCO</subfield>
         <subfield code="d">NNU</subfield>
      </datafield>
      <datafield tag="043" ind1=" " ind2=" ">
         <subfield code="a">e-gx---</subfield>
      </datafield>
      <datafield tag="050" ind1=" " ind2="4">
         <subfield code="a">DD801.B2345</subfield>
         <subfield code="b">S54 1990 Bd.3</subfield>
      </datafield>
      <datafield tag="245" ind1="0" ind2="4">
         <subfield code="a">Die neolithische Moorsiedlung Ödenahlen /</subfield>
         <subfield code="r">mit Beiträgen von André Billamboz ... [et al.].</subfield>
      </datafield>
      <datafield tag="246" ind1="3" ind2="0">
         <subfield code="a">Neolithische Moorsiedlung Ödenahlen,</subfield>
      </datafield>
      <datafield tag="260" ind1=" " ind2=" ">
         <subfield code="a">Stuttgart :</subfield>
         <subfield code="b">Theiss.</subfield>
      </datafield>
      <datafield tag="260" ind1=" " ind2=" ">
         <subfield code="c">1995.</subfield>
      </datafield>
      <datafield tag="300" ind1=" " ind2=" ">
         <subfield code="a">2 v. :</subfield>
         <subfield code="b">ill. (some folded) ;</subfield>
         <subfield code="c">31cm</subfield>
      </datafield>
      <datafield tag="490" ind1="1" ind2=" ">
         <subfield code="a">Siedlungsarchäologie im Alpenvorland ;</subfield>
         <subfield code="v">3.</subfield>
      </datafield>
      <datafield tag="490" ind1="1" ind2=" ">
         <subfield code="a">Forschungen und Berichte zur Vor- und Frühgeschichte in Baden-Württemberg ;</subfield>
         <subfield code="v">Bd. 46</subfield>
      </datafield>
      <datafield tag="500" ind1=" " ind2=" ">
         <subfield code="a">At head of t.p.: Landesdenkmalamt Baden-Württemberg.</subfield>
      </datafield>
      <datafield tag="505" ind1="0" ind2="0">
         <subfield code="t">Ödenahlen : eine jungneolithische Siedlung der "Pfyn-Altheimer Gruppe Oberschwabens" im nördlichen Federseeried Archäologische Untersuchungen 1981-1986 /</subfield>
         <subfield code="r">Helmut Schlichtherle --</subfield>
         <subfield code="t">Mikroskopische Untersuchungen an neolithischer Keramik von Ödenahlen, Aichbühl und Riedschachen /</subfield>
         <subfield code="r">Herbert Hagn --</subfield>
         <subfield code="t">Moorstratigraphische und paläoethnobotanische Untersuchungen in der jungsteinzeitlichen Moorsiedlung Ödenahlen am Federsee /</subfield>
         <subfield code="r">Ursula Maier --</subfield>
         <subfield code="t">Pollenanalysen in der neolithischen Siedlungslandschaft der nördlichen Federseemoores : Untersuchungen im Umfeld der jungsteinzeitlichen Siedlung Ödenahlen /</subfield>
         <subfield code="r">Helga-Liese-Kleiber --</subfield>
         <subfield code="t">Wirbellosenreste aus der Pfyn-Altheimer Moorsiedlung Ödenahlen im nördlichen Federseeried /</subfield>
         <subfield code="r">Edith Schmidt --</subfield>
         <subfield code="t">Fischreste aus der jungsteinzeitlichten Moorsiedlung Ödenahlen im nördlichen Federseeried /</subfield>
         <subfield code="r">Wolfgang Torke --</subfield>
         <subfield code="t">Osteologische Untersuchungen an Tierknochenfunden der jungsteinzeitlichen Moorsiedlung Ödenahlen am nördlichen Federsee /</subfield>
         <subfield code="r">Mostefa Kobabi --</subfield>
         <subfield code="t">Die Bauhölzer der jungneolithischen Moorsiedlung Ödenahlen am nördlichen Federsee : Holzanantomische und jahrringanalytische Untersuchungen /</subfield>
         <subfield code="r">André Billamboz.</subfield>
      </datafield>
      <datafield tag="650" ind1=" " ind2="0">
         <subfield code="a">Neolithic period</subfield>
         <subfield code="z">Germany</subfield>
         <subfield code="z">Ödenahlen site.</subfield>
      </datafield>
      <datafield tag="651" ind1=" " ind2="0">
         <subfield code="a">Germany</subfield>
         <subfield code="x">Antiquities.</subfield>
      </datafield>
      <datafield tag="651" ind1=" " ind2="0">
         <subfield code="a">Ödenahlen site (Germany)</subfield>
      </datafield>
      <datafield tag="700" ind1="1" ind2=" ">
         <subfield code="a">Billamboz, André.</subfield>
      </datafield>
      <datafield tag="710" ind1="2" ind2=" ">
         <subfield code="a">Landesdenkmalamt Baden-Württemberg.</subfield>
      </datafield>
      <datafield tag="830" ind1=" " ind2="0">
         <subfield code="a">Siedlungsarchäologie im Alpenvorland ;</subfield>
         <subfield code="v">3.</subfield>
      </datafield>
      <datafield tag="830" ind1=" " ind2="0">
         <subfield code="a">Forschungen und Berichte zur Vor- und Frühgeschichte in Baden-Württemberg ;</subfield>
         <subfield code="v">Bd. 46.</subfield>
      </datafield>
      <datafield tag="994" ind1=" " ind2=" ">
         <subfield code="a">Z0</subfield>
         <subfield code="b">ZYU</subfield>
      </datafield>
      <datafield tag="OWN" ind1=" " ind2=" ">
         <subfield code="a">GENERAL</subfield>
      </datafield>
      <datafield tag="AVA" ind1=" " ind2=" ">
         <subfield code="a">NYU50</subfield>
         <subfield code="b">NISAW</subfield>
         <subfield code="c">Large Collection</subfield>
         <subfield code="d">DD801.B2345 S54 1990 Bd.3</subfield>
         <subfield code="e">available</subfield>
         <subfield code="t">Available</subfield>
         <subfield code="f">2</subfield>
         <subfield code="g">0</subfield>
         <subfield code="h">Y</subfield>
         <subfield code="i">0</subfield>
         <subfield code="j">LARGE</subfield>
         <subfield code="k">0</subfield>
      </datafield>
      <marc:datafield tag="852" ind1=" " ind2=" ">
         <marc:subfield code="b">Institute for the Study of the Ancient World, </marc:subfield>
         <marc:subfield code="c">Large Collection</marc:subfield>
         <marc:subfield code="e">15 East 84th St., </marc:subfield>
         <marc:subfield code="e">New York, NY  10028</marc:subfield>
      </marc:datafield>
   </record>