

  
  <record xsi:schemaLocation="http://www.loc.gov/MARC21/slim http://www.loc.gov/standards/marcxml/schema/MARC21slim.xsd">
      <leader>00000nam a2200361 i 4500</leader>
      <controlfield tag="FMT">BK</controlfield>
      <controlfield tag="LDR">00000nam a2200361 i 4500</controlfield>
      <controlfield tag="001">004276372</controlfield>
      <controlfield tag="003">OCoLC</controlfield>
      <controlfield tag="005">20160421152127.0</controlfield>
      <controlfield tag="008">160421s2015    gw ab    b    100 0 eng d</controlfield>
      <datafield tag="020" ind1=" " ind2=" ">
         <subfield code="a">9783944312248</subfield>
      </datafield>
      <datafield tag="020" ind1=" " ind2=" ">
         <subfield code="a">3944312244</subfield>
      </datafield>
      <datafield tag="035" ind1=" " ind2=" ">
         <subfield code="a">(OCoLC)947065261</subfield>
      </datafield>
      <datafield tag="040" ind1=" " ind2=" ">
         <subfield code="a">ZYU</subfield>
         <subfield code="b">eng</subfield>
         <subfield code="e">rda</subfield>
         <subfield code="c">ZYU</subfield>
      </datafield>
      <datafield tag="041" ind1="1" ind2=" ">
         <subfield code="a">eng</subfield>
         <subfield code="a">chi</subfield>
         <subfield code="a">grc</subfield>
         <subfield code="a">lat</subfield>
         <subfield code="a">ave</subfield>
         <subfield code="a">pal</subfield>
         <subfield code="h">chi</subfield>
         <subfield code="h">grc</subfield>
         <subfield code="h">lat</subfield>
         <subfield code="h">ave</subfield>
         <subfield code="h">pal</subfield>
      </datafield>
      <datafield tag="043" ind1=" " ind2=" ">
         <subfield code="a">a-ii---</subfield>
      </datafield>
      <datafield tag="050" ind1=" " ind2="4">
         <subfield code="a">DS451</subfield>
         <subfield code="b">.K87 2015</subfield>
      </datafield>
      <datafield tag="245" ind1="0" ind2="0">
         <subfield code="a">Kushan histories :</subfield>
         <subfield code="b">literary sources and selected papers from a symposium at Berlin, December 5 to 7, 2013 /</subfield>
         <subfield code="c">edited by Harry Falk.</subfield>
      </datafield>
      <datafield tag="264" ind1=" " ind2="1">
         <subfield code="a">Bremen :</subfield>
         <subfield code="b">Hempen Verlag,</subfield>
         <subfield code="c">2015.</subfield>
      </datafield>
      <datafield tag="300" ind1=" " ind2=" ">
         <subfield code="a">304 pages :</subfield>
         <subfield code="b">illustrations (chiefly color), color maps ;</subfield>
         <subfield code="c">24 cm.</subfield>
      </datafield>
      <datafield tag="336" ind1=" " ind2=" ">
         <subfield code="a">text</subfield>
         <subfield code="b">txt</subfield>
         <subfield code="2">rdacontent</subfield>
      </datafield>
      <datafield tag="337" ind1=" " ind2=" ">
         <subfield code="a">unmediated</subfield>
         <subfield code="b">n</subfield>
         <subfield code="2">rdamedia</subfield>
      </datafield>
      <datafield tag="338" ind1=" " ind2=" ">
         <subfield code="a">volume</subfield>
         <subfield code="b">nc</subfield>
         <subfield code="2">rdacarrier</subfield>
      </datafield>
      <datafield tag="490" ind1="1" ind2=" ">
         <subfield code="a">Monographien zur Indischen Archäologie, Kunst und Philologie ;</subfield>
         <subfield code="v">Band 23</subfield>
      </datafield>
      <datafield tag="504" ind1=" " ind2=" ">
         <subfield code="a">Includes bibliographical references.</subfield>
      </datafield>
      <datafield tag="505" ind1="0" ind2="0">
         <subfield code="t">Primary sources and translations --</subfield>
         <subfield code="t">The texts.</subfield>
         <subfield code="t">Possible prehistory of the Yuezhi --</subfield>
         <subfield code="t">The three attacks of the Xiongnu on the Yuezhi --</subfield>
         <subfield code="t">The phase of the Yabghus --</subfield>
         <subfield code="t">Events in the time of Kujūla Kadphises --</subfield>
         <subfield code="t">Events in the time of Vema Takhtu alias Sōtēr megas --</subfield>
         <subfield code="t">Events in the time of Vima Kadphises --</subfield>
         <subfield code="t">Events in the time of Kaniṣka I --</subfield>
         <subfield code="t">Events in the time of Huviṣka --</subfield>
         <subfield code="t">Events in the time of Vā̄sudeva --</subfield>
         <subfield code="t">The time of Kaniṣ̣ka II --</subfield>
         <subfield code="t">Events in the time of Vaskuṣā̄ṇ̣a I --</subfield>
         <subfield code="t">The time of Vasiṣka --</subfield>
         <subfield code="t">The time of Kaniṣka III --</subfield>
         <subfield code="t">Iranian Dominance --</subfield>
         <subfield code="t">The smaller (group of ) Yuezhi and the Kidarites --</subfield>
         <subfield code="t">The aftermath.</subfield>
         <subfield code="t">Papers.</subfield>
         <subfield code="t">Kushan power and the expansion of Buddhism beyond the Soleiman mountains /</subfield>
         <subfield code="r">Gé́rard Fussman --</subfield>
         <subfield code="t">Zoroastrianism among the Kushans /</subfield>
         <subfield code="r">Frantz Grenet --</subfield>
         <subfield code="t">A Kushan military camp near Bactra /</subfield>
         <subfield code="r">Étienne de la Vaissiè̀re, Philippe Marquis &amp; Julio Bendezu Sarmiento --</subfield>
         <subfield code="t">A new Bactrian inscription from the time of Kanishka /</subfield>
         <subfield code="r">Nicholas Sims-Williams --</subfield>
         <subfield code="t">Kushan rule granted by Nana : the background of a heavenly legitimation /</subfield>
         <subfield code="r">Harry Falk.</subfield>
      </datafield>
      <datafield tag="546" ind1=" " ind2=" ">
         <subfield code="a">English; contains texts in Chinese, Greek, Latin, Bactrian, Middle Persian, and Pahlavi, with English translations and commentary.</subfield>
      </datafield>
      <datafield tag="651" ind1=" " ind2="0">
         <subfield code="a">India</subfield>
         <subfield code="x">History</subfield>
         <subfield code="y">324 B.C.-1000 A.D.</subfield>
         <subfield code="v">Congresses.</subfield>
      </datafield>
      <datafield tag="650" ind1=" " ind2="0">
         <subfield code="a">Kushans</subfield>
         <subfield code="v">Congresses.</subfield>
      </datafield>
      <datafield tag="650" ind1=" " ind2="0">
         <subfield code="a">Kushans</subfield>
         <subfield code="x">History</subfield>
         <subfield code="v">Sources.</subfield>
      </datafield>
      <datafield tag="700" ind1="1" ind2=" ">
         <subfield code="a">Falk, Harry,</subfield>
         <subfield code="e">editor.</subfield>
      </datafield>
      <datafield tag="830" ind1=" " ind2="0">
         <subfield code="a">Monographien zur indischen Archäologie, Kunst und Philologie ;</subfield>
         <subfield code="v">Bd. 23.</subfield>
      </datafield>
      <datafield tag="994" ind1=" " ind2=" ">
         <subfield code="a">Z0</subfield>
         <subfield code="b">ZYU</subfield>
      </datafield>
      <datafield tag="OWN" ind1=" " ind2=" ">
         <subfield code="a">GENERAL</subfield>
      </datafield>
      <datafield tag="AVA" ind1=" " ind2=" ">
         <subfield code="a">NYU50</subfield>
         <subfield code="b">NISAW</subfield>
         <subfield code="c">Small Collection</subfield>
         <subfield code="d">DS451 .K87 2015</subfield>
         <subfield code="e">available</subfield>
         <subfield code="t">Available</subfield>
         <subfield code="f">1</subfield>
         <subfield code="g">0</subfield>
         <subfield code="h">N</subfield>
         <subfield code="i">0</subfield>
         <subfield code="j">SMALL</subfield>
         <subfield code="k">0</subfield>
      </datafield>
      <marc:datafield tag="852" ind1=" " ind2=" ">
         <marc:subfield code="b">Institute for the Study of the Ancient World, </marc:subfield>
         <marc:subfield code="c">Small Collection</marc:subfield>
         <marc:subfield code="e">15 East 84th St., </marc:subfield>
         <marc:subfield code="e">New York, NY  10028</marc:subfield>
      </marc:datafield>
   </record>