

  
  <record xsi:schemaLocation="http://www.loc.gov/MARC21/slim http://www.loc.gov/standards/marcxml/schema/MARC21slim.xsd">
      <leader>00000cam a22006135a 4500</leader>
      <controlfield tag="FMT">BK</controlfield>
      <controlfield tag="LDR">00000cam a22006135a 4500</controlfield>
      <controlfield tag="001">004276312</controlfield>
      <controlfield tag="003">OCoLC</controlfield>
      <controlfield tag="005">20160421165058.0</controlfield>
      <controlfield tag="008">160421s2008    fi aef   b    000 0 eng d</controlfield>
      <datafield tag="020" ind1=" " ind2=" ">
         <subfield code="a">9516533647</subfield>
         <subfield code="q">(hc.)</subfield>
      </datafield>
      <datafield tag="020" ind1=" " ind2=" ">
         <subfield code="a">9789516533646</subfield>
         <subfield code="q">(hc.)</subfield>
      </datafield>
      <datafield tag="035" ind1=" " ind2=" ">
         <subfield code="a">(OCoLC)422749506</subfield>
      </datafield>
      <datafield tag="040" ind1=" " ind2=" ">
         <subfield code="a">EQO</subfield>
         <subfield code="b">eng</subfield>
         <subfield code="c">EQO</subfield>
         <subfield code="d">NDD</subfield>
         <subfield code="d">OCLCQ</subfield>
         <subfield code="d">S3O</subfield>
         <subfield code="d">OCLCF</subfield>
         <subfield code="d">NNU</subfield>
      </datafield>
      <datafield tag="043" ind1=" " ind2=" ">
         <subfield code="a">a-jo---</subfield>
      </datafield>
      <datafield tag="050" ind1=" " ind2="4">
         <subfield code="a">DS154.9.P48</subfield>
         <subfield code="b">P487 2008</subfield>
      </datafield>
      <datafield tag="090" ind1=" " ind2=" ">
         <subfield code="a">DS154.9.P48</subfield>
         <subfield code="b">P58 2008 v.1</subfield>
      </datafield>
      <datafield tag="245" ind1="0" ind2="0">
         <subfield code="a">Petra, The Mountain of Aaron :</subfield>
         <subfield code="b">the Finnish Archaeological Project in Jordan.</subfield>
         <subfield code="n">Vol. 1,</subfield>
         <subfield code="p">The church and the chapel /</subfield>
         <subfield code="c">[edited] by Zbigniew T. Fiema and Jaakko Frösén ; with the contributions of Marie-Christine Comte [and others].</subfield>
      </datafield>
      <datafield tag="246" ind1="3" ind2="1">
         <subfield code="a">Church and the chapel</subfield>
      </datafield>
      <datafield tag="260" ind1=" " ind2=" ">
         <subfield code="a">Helsinki :</subfield>
         <subfield code="b">Societas Scientiarum Fennica,</subfield>
         <subfield code="c">2008.</subfield>
      </datafield>
      <datafield tag="300" ind1=" " ind2=" ">
         <subfield code="a">447 pages, [32] pages of plates :</subfield>
         <subfield code="b">illustrations (some color), plans (1 folded) ;</subfield>
         <subfield code="c">34 cm</subfield>
      </datafield>
      <datafield tag="336" ind1=" " ind2=" ">
         <subfield code="a">text</subfield>
         <subfield code="b">txt</subfield>
         <subfield code="2">rdacontent</subfield>
      </datafield>
      <datafield tag="336" ind1=" " ind2=" ">
         <subfield code="a">still image</subfield>
         <subfield code="b">sti</subfield>
         <subfield code="2">rdacontent</subfield>
      </datafield>
      <datafield tag="337" ind1=" " ind2=" ">
         <subfield code="a">unmediated</subfield>
         <subfield code="b">n</subfield>
         <subfield code="2">rdamedia</subfield>
      </datafield>
      <datafield tag="338" ind1=" " ind2=" ">
         <subfield code="a">volume</subfield>
         <subfield code="b">nc</subfield>
         <subfield code="2">rdacarrier</subfield>
      </datafield>
      <datafield tag="504" ind1=" " ind2=" ">
         <subfield code="a">Includes bibliographical references.</subfield>
      </datafield>
      <datafield tag="505" ind1="0" ind2="0">
         <subfield code="g">Introduction /</subfield>
         <subfield code="r">Jaakko Frösén --</subfield>
         <subfield code="t">Aaron in religious literature, myth and legend /</subfield>
         <subfield code="r">Jaakko Frösén and Päivi Miettunen --</subfield>
         <subfield code="t">Jabal Harun : history, past explorations, monuments, and pilgrimages /</subfield>
         <subfield code="r">Päivi Miettunen --</subfield>
         <subfield code="t">The FJHP : background, goals and methodology /</subfield>
         <subfield code="r">Zbigniew T. Fiema --</subfield>
         <subfield code="t">The cartographic documentation in the FJHP excavations /</subfield>
         <subfield code="r">Hanna Junnilainen, Katri Koistinen, Jaako Latikka, Henrik Haggrén, Anna Erving and Nina Heiska --</subfield>
         <subfield code="t">The FJHP site /</subfield>
         <subfield code="r">Zbigniew T. Fiema --</subfield>
         <subfield code="t">The church and the chapel : data and phasing /</subfield>
         <subfield code="r">Erko Mikkola, Antti Lahelma, Zbigniew T. Fiema, and Richard holmgren --</subfield>
         <subfield code="g">Appendix.</subfield>
         <subfield code="t">The object from locus E1.09 /</subfield>
         <subfield code="r">Zbigniew T. Fiema and Marie-Christine Comte --</subfield>
         <subfield code="t">Marble furnishing and decoration /</subfield>
         <subfield code="r">Anna Lehtinen --</subfield>
         <subfield code="g">Appendix.</subfield>
         <subfield code="t">The 2007 finds /</subfield>
         <subfield code="r">Anna Lehtinen --</subfield>
         <subfield code="t">The baptismal fonts /</subfield>
         <subfield code="r">Anu Rajala and Zbigniew T. Fiema --</subfield>
         <subfield code="t">The mosaic /</subfield>
         <subfield code="r">Basema Hamarneh and Karin Hinkkanen --</subfield>
         <subfield code="g">Appendix.</subfield>
         <subfield code="t">The animals depicted on the Jabal Harun mosaic : biogeography and archaeozoology /</subfield>
         <subfield code="r">Jacqueline Studer --</subfield>
         <subfield code="t">Greek Inscriptions from the Church and the Chapel /</subfield>
         <subfield code="r">Jaakko Frösén, Erkki Sironen and Zbigniew T. Fiema --</subfield>
         <subfield code="g">Appendix.</subfield>
         <subfield code="t">Two Arabic inscriptions from Jabal Harun /</subfield>
         <subfield code="r">Jaakko Hämeen-Anttila and Kaj Öhrnberg --</subfield>
         <subfield code="t">The Byzantine and early Islamic pottery from Jabal Harun /</subfield>
         <subfield code="r">Yvonne Gerber --</subfield>
         <subfield code="g">Appendix.</subfield>
         <subfield code="t">The Catalog of ceramics from the selected deposits associated with the church and the chapel /</subfield>
         <subfield code="r">Yvonne Gerber and Virpi Holmqvist --</subfield>
      </datafield>
      <datafield tag="505" ind1="8" ind2="0">
         <subfield code="t">Glass finds from the church and the chapel /</subfield>
         <subfield code="r">Daniel Keller and Jeanette Lindblom --</subfield>
         <subfield code="g">Appendix 1.</subfield>
         <subfield code="t">Catalog of glass lamps and vessels associated with the church and the chapel /</subfield>
         <subfield code="r">Jeanette Lindblom --</subfield>
         <subfield code="g">Appendix 2.</subfield>
         <subfield code="t">Table of glass windowpane fragments from the loci associated with phases 9 and 11 /</subfield>
         <subfield code="r">Jeanette Lindblom --</subfield>
         <subfield code="g">Appendix 3.</subfield>
         <subfield code="t">List of metal objects associated with glass lamps /</subfield>
         <subfield code="r">Sari Pouta --</subfield>
         <subfield code="t">Tiles and bricks from the Jabal Harun monastery /</subfield>
         <subfield code="r">Pirjo Hamari --</subfield>
         <subfield code="g">Appendix.</subfield>
         <subfield code="t">Catalog of tile and brick material from Jabal Harun /</subfield>
         <subfield code="r">Pirjo Hamari.</subfield>
         <subfield code="t">The metal objects from Jabal Harun : a descriptive catalog of objects related to the church and the chapel /</subfield>
         <subfield code="r">Sari Pouta and Marlena Whiting --</subfield>
         <subfield code="g">Appendix.</subfield>
         <subfield code="t">Decorated iron sword guard (reg. no. 245) /</subfield>
         <subfield code="r">Jon C.N. Coulston --</subfield>
         <subfield code="t">The analysis of wall plaster at Jabal Harun /</subfield>
         <subfield code="r">Christina Danielli --</subfield>
         <subfield code="g">Appendix.</subfield>
         <subfield code="t">Sample analysis of wall plaster : PS1 and PS 3 /</subfield>
         <subfield code="r">Paolo Saturno and Christina Danielli --</subfield>
         <subfield code="t">The concluding remarks /</subfield>
         <subfield code="r">Zbigniew T. Fiema.</subfield>
         <subfield code="g">Appendices /</subfield>
         <subfield code="r">Jan Vihonen.</subfield>
      </datafield>
      <datafield tag="650" ind1=" " ind2="0">
         <subfield code="a">Church buildings</subfield>
         <subfield code="z">Jordan</subfield>
         <subfield code="z">Petra (Extinct city)</subfield>
      </datafield>
      <datafield tag="650" ind1=" " ind2="0">
         <subfield code="a">Church decoration and ornament</subfield>
         <subfield code="z">Jordan</subfield>
         <subfield code="z">Petra (Extinct city)</subfield>
      </datafield>
      <datafield tag="650" ind1=" " ind2="0">
         <subfield code="a">Mosaics</subfield>
         <subfield code="z">Jordan</subfield>
         <subfield code="z">Petra (Extinct city)</subfield>
      </datafield>
      <datafield tag="650" ind1=" " ind2="0">
         <subfield code="a">Mosaics, Byzantine</subfield>
         <subfield code="z">Jordan</subfield>
         <subfield code="z">Petra (Extinct city)</subfield>
      </datafield>
      <datafield tag="650" ind1=" " ind2="0">
         <subfield code="a">Mural painting and decoration</subfield>
         <subfield code="z">Jordan</subfield>
         <subfield code="z">Petra (Extinct city)</subfield>
      </datafield>
      <datafield tag="651" ind1=" " ind2="0">
         <subfield code="a">Petra (Extinct city)</subfield>
         <subfield code="x">Buildings, structures, etc.</subfield>
      </datafield>
      <datafield tag="651" ind1=" " ind2="0">
         <subfield code="a">Petra (Extinct city)</subfield>
      </datafield>
      <datafield tag="651" ind1=" " ind2="0">
         <subfield code="a">Jordan</subfield>
         <subfield code="x">Antiquities.</subfield>
      </datafield>
      <datafield tag="650" ind1=" " ind2="0">
         <subfield code="a">Excavations (Archaeology)</subfield>
         <subfield code="z">Jordan</subfield>
         <subfield code="z">Petra (Extinct city)</subfield>
      </datafield>
      <datafield tag="650" ind1=" " ind2="7">
         <subfield code="a">Kyrkoarkitektur</subfield>
         <subfield code="z">Jordanien</subfield>
         <subfield code="z">Petra (övergiven stad)</subfield>
         <subfield code="2">sao</subfield>
      </datafield>
      <datafield tag="650" ind1=" " ind2="7">
         <subfield code="a">Antiquities.</subfield>
         <subfield code="2">fast</subfield>
         <subfield code="0">(OCoLC)fst00810745</subfield>
      </datafield>
      <datafield tag="650" ind1=" " ind2="7">
         <subfield code="a">Buildings.</subfield>
         <subfield code="2">fast</subfield>
         <subfield code="0">(OCoLC)fst00840962</subfield>
      </datafield>
      <datafield tag="650" ind1=" " ind2="7">
         <subfield code="a">Church buildings.</subfield>
         <subfield code="2">fast</subfield>
         <subfield code="0">(OCoLC)fst00860599</subfield>
      </datafield>
      <datafield tag="650" ind1=" " ind2="7">
         <subfield code="a">Church decoration and ornament.</subfield>
         <subfield code="2">fast</subfield>
         <subfield code="0">(OCoLC)fst00860667</subfield>
      </datafield>
      <datafield tag="650" ind1=" " ind2="7">
         <subfield code="a">Mosaics.</subfield>
         <subfield code="2">fast</subfield>
         <subfield code="0">(OCoLC)fst01026687</subfield>
      </datafield>
      <datafield tag="650" ind1=" " ind2="7">
         <subfield code="a">Mosaics, Byzantine.</subfield>
         <subfield code="2">fast</subfield>
         <subfield code="0">(OCoLC)fst01026698</subfield>
      </datafield>
      <datafield tag="650" ind1=" " ind2="7">
         <subfield code="a">Mural painting and decoration.</subfield>
         <subfield code="2">fast</subfield>
         <subfield code="0">(OCoLC)fst01029558</subfield>
      </datafield>
      <datafield tag="651" ind1=" " ind2="7">
         <subfield code="a">Jordan</subfield>
         <subfield code="z">Petra (Extinct city)</subfield>
         <subfield code="2">fast</subfield>
         <subfield code="0">(OCoLC)fst01896928</subfield>
      </datafield>
      <datafield tag="700" ind1="1" ind2=" ">
         <subfield code="a">Fiema, Zbigniew T.</subfield>
      </datafield>
      <datafield tag="700" ind1="1" ind2=" ">
         <subfield code="a">Frösén, Jaakko.</subfield>
      </datafield>
      <datafield tag="700" ind1="1" ind2=" ">
         <subfield code="a">Comte, Marie-Christine.</subfield>
      </datafield>
      <datafield tag="710" ind1="2" ind2=" ">
         <subfield code="a">Finnish Archaeological Project in Jordan.</subfield>
      </datafield>
      <datafield tag="994" ind1=" " ind2=" ">
         <subfield code="a">Z0</subfield>
         <subfield code="b">ZYU</subfield>
      </datafield>
      <datafield tag="OWN" ind1=" " ind2=" ">
         <subfield code="a">GENERAL</subfield>
      </datafield>
      <datafield tag="AVA" ind1=" " ind2=" ">
         <subfield code="a">NYU50</subfield>
         <subfield code="b">NISAW</subfield>
         <subfield code="c">Oversize Collection</subfield>
         <subfield code="d">DS154.9.P48 P58 2008 v.1</subfield>
         <subfield code="e">available</subfield>
         <subfield code="t">Available</subfield>
         <subfield code="f">1</subfield>
         <subfield code="g">0</subfield>
         <subfield code="h">N</subfield>
         <subfield code="i">0</subfield>
         <subfield code="j">OVERZ</subfield>
         <subfield code="k">0</subfield>
      </datafield>
      <marc:datafield tag="852" ind1=" " ind2=" ">
         <marc:subfield code="b">Institute for the Study of the Ancient World, </marc:subfield>
         <marc:subfield code="c">Oversize Collection</marc:subfield>
         <marc:subfield code="e">15 East 84th St., </marc:subfield>
         <marc:subfield code="e">New York, NY  10028</marc:subfield>
      </marc:datafield>
   </record>