

  
  <record xsi:schemaLocation="http://www.loc.gov/MARC21/slim http://www.loc.gov/standards/marcxml/schema/MARC21slim.xsd">
      <leader>00000nam a2200445 i 4500</leader>
      <controlfield tag="FMT">BK</controlfield>
      <controlfield tag="LDR">00000nam a2200445 i 4500</controlfield>
      <controlfield tag="001">004276464</controlfield>
      <controlfield tag="003">OCoLC</controlfield>
      <controlfield tag="005">20160422100453.0</controlfield>
      <controlfield tag="006">m     q  d</controlfield>
      <controlfield tag="007">co cg |||m|||a</controlfield>
      <controlfield tag="008">160422s2013    fi abf   b    000 0 eng</controlfield>
      <datafield tag="020" ind1=" " ind2=" ">
         <subfield code="a">9789516534001</subfield>
      </datafield>
      <datafield tag="020" ind1=" " ind2=" ">
         <subfield code="a">9516534007</subfield>
      </datafield>
      <datafield tag="035" ind1=" " ind2=" ">
         <subfield code="a">(OCoLC)947109621</subfield>
      </datafield>
      <datafield tag="040" ind1=" " ind2=" ">
         <subfield code="a">ZYU</subfield>
         <subfield code="b">eng</subfield>
         <subfield code="e">rda</subfield>
         <subfield code="c">ZYU</subfield>
      </datafield>
      <datafield tag="043" ind1=" " ind2=" ">
         <subfield code="a">a-jo---</subfield>
      </datafield>
      <datafield tag="050" ind1=" " ind2="4">
         <subfield code="a">DS154.9.P48</subfield>
         <subfield code="b">P58 2008 v.3</subfield>
      </datafield>
      <datafield tag="100" ind1="1" ind2=" ">
         <subfield code="a">Kouki, Paula,</subfield>
         <subfield code="e">author.</subfield>
      </datafield>
      <datafield tag="245" ind1="1" ind2="0">
         <subfield code="a">Petra, the mountain of Aaron :</subfield>
         <subfield code="b">the Finnish archaeological project in Jordan.</subfield>
         <subfield code="n">Volume III,</subfield>
         <subfield code="p">The archaeological survey /</subfield>
         <subfield code="c">by Paula Kouki and Mika Lavento ; with the contributions of Anna Annila [and eighteen others].</subfield>
      </datafield>
      <datafield tag="264" ind1=" " ind2="1">
         <subfield code="a">Helsinki :</subfield>
         <subfield code="b">Societas scientiarum fennica,</subfield>
         <subfield code="c">2013.</subfield>
      </datafield>
      <datafield tag="300" ind1=" " ind2=" ">
         <subfield code="a">413 pages, [20] pages of plates :</subfield>
         <subfield code="b">illustrations (some color), maps (some color) ;</subfield>
         <subfield code="c">34 cm +</subfield>
         <subfield code="e">1 CD-ROM + 1 folded map (51 x 65 cm)</subfield>
      </datafield>
      <datafield tag="336" ind1=" " ind2=" ">
         <subfield code="a">text</subfield>
         <subfield code="b">txt</subfield>
         <subfield code="2">rdacontent</subfield>
      </datafield>
      <datafield tag="336" ind1=" " ind2=" ">
         <subfield code="a">still image</subfield>
         <subfield code="b">sti</subfield>
         <subfield code="2">rdacontent</subfield>
      </datafield>
      <datafield tag="336" ind1=" " ind2=" ">
         <subfield code="a">cartographic image</subfield>
         <subfield code="b">cri</subfield>
         <subfield code="2">rdacontent</subfield>
      </datafield>
      <datafield tag="336" ind1=" " ind2=" ">
         <subfield code="a">two-dimensional moving image</subfield>
         <subfield code="b">tdi</subfield>
         <subfield code="2">rdacontent</subfield>
      </datafield>
      <datafield tag="337" ind1=" " ind2=" ">
         <subfield code="a">unmediated</subfield>
         <subfield code="b">n</subfield>
         <subfield code="2">rdamedia</subfield>
      </datafield>
      <datafield tag="337" ind1=" " ind2=" ">
         <subfield code="a">computer</subfield>
         <subfield code="b">c</subfield>
         <subfield code="2">rdamedia</subfield>
      </datafield>
      <datafield tag="338" ind1=" " ind2=" ">
         <subfield code="a">volume</subfield>
         <subfield code="b">nc</subfield>
         <subfield code="2">rdacarrier</subfield>
      </datafield>
      <datafield tag="338" ind1=" " ind2=" ">
         <subfield code="a">computer disc</subfield>
         <subfield code="b">cd</subfield>
         <subfield code="2">rdacarrier</subfield>
      </datafield>
      <datafield tag="500" ind1=" " ind2=" ">
         <subfield code="a">Map and CD-ROM in pocket.</subfield>
      </datafield>
      <datafield tag="500" ind1=" " ind2=" ">
         <subfield code="a">Accompanying CD-ROM contains images, maps, text, and one video file.</subfield>
      </datafield>
      <datafield tag="504" ind1=" " ind2=" ">
         <subfield code="a">Includes bibliographical references.</subfield>
      </datafield>
      <datafield tag="505" ind1="0" ind2="0">
         <subfield code="g">Part 1.</subfield>
         <subfield code="t">Introduction /</subfield>
         <subfield code="r">Mika Lavento, Paula Koukli and Jaakko Frö̈sén --</subfield>
         <subfield code="t">The background, objectives and methodology of the FJHP Survey /</subfield>
         <subfield code="r">Mika Lavento, Paula Kouki, Sarianna Silvonen and Esa Hertell --</subfield>
         <subfield code="t">Geodetic and photogrammetric documentation /</subfield>
         <subfield code="r">Hanna Junnilainen, Anna Annila, Henrik Haggrén, Katri Koistinen and Lingli Zhu --</subfield>
         <subfield code="t">Geology, structural setting and geomorphological evolution of the Petra region /</subfield>
         <subfield code="r">Majdi Barjous --</subfield>
         <subfield code="t">The environmental setting of the Jabal Hārūn area /</subfield>
         <subfield code="r">Paula Koukli and Tanja Tenhunen --</subfield>
         <subfield code="g">Appendix 1.</subfield>
         <subfield code="t">Sedimentological studies in the FJHP survey /</subfield>
         <subfield code="r">Paula Koukli --</subfield>
         <subfield code="g">Appendix 2.</subfield>
         <subfield code="t">The macrofossil analysis /</subfield>
         <subfield code="r">Tanja Tenhunen --</subfield>
         <subfield code="t">FJHP chipped lithics /</subfield>
         <subfield code="r">Esa Hertell --</subfield>
         <subfield code="g">Appendix.</subfield>
         <subfield code="t">Differences in the chert raw material selection at Jabal Hārūn, Jordan /</subfield>
         <subfield code="r">Annika Eklund --</subfield>
         <subfield code="t">Nabataean-Roman, Byzantine and early Islamic pottery from the FJHP survey /</subfield>
         <subfield code="r">Sarianna Silvonen --</subfield>
         <subfield code="g">Appendix 1.</subfield>
         <subfield code="t">Catalog of selected pottery from the FJHP survey /</subfield>
         <subfield code="r">Sarianna Silvonen and Yvonne Gerber --</subfield>
         <subfield code="g">Appendix 2.</subfield>
         <subfield code="t">Ceramic lamps /</subfield>
         <subfield code="r">Sarianna Silvonen and Elisabeth Holmqvist-Saukkonen --</subfield>
         <subfield code="t">The pottery from the 11th-20th centuries from the FJHP survey : ceramics, settlement, and pilgramage at Jabal Hārūn during the later Islamic periods /</subfield>
         <subfield code="r">Micaela Sinibaldi --</subfield>
         <subfield code="g">Appendix 1.</subfield>
         <subfield code="t">Catalog of the 11th-20th century pottery /</subfield>
         <subfield code="r">Micaela Sinibaldi --</subfield>
         <subfield code="g">Appendix 2.</subfield>
         <subfield code="t">Petra and Gaza ware /</subfield>
         <subfield code="r">Micaela Sinibaldi --</subfield>
         <subfield code="g">Appendix 3.</subfield>
         <subfield code="t">Clay tobacco pipes /</subfield>
         <subfield code="r">Paula Kouki --</subfield>
         <subfield code="t">Glass found in the survey of area E /</subfield>
         <subfield code="r">Jeanette Lindblom --</subfield>
         <subfield code="t">Runoff cultivation and hydraulic structures /</subfield>
         <subfield code="r">Mika Lavento, Sarianna Silvonen and Paula Kouki --</subfield>
         <subfield code="t">Remains of buildings in the FJHP survey area /</subfield>
         <subfield code="r">Paula Kouki, Heini Ynnilä and Sarianna Silvonen --</subfield>
         <subfield code="g">Appendix.</subfield>
         <subfield code="t">A stone object /</subfield>
         <subfield code="r">Sarianna Silvonen --</subfield>
      </datafield>
      <datafield tag="505" ind1="8" ind2="0">
         <subfield code="t">Production sites /</subfield>
         <subfield code="r">Paula Kouki --</subfield>
         <subfield code="t">Ancient routes in the FJHP survey area /</subfield>
         <subfield code="r">Heini Ynnilä̈ --</subfield>
         <subfield code="t">The ancient routes from Petra to Wadi 'Araba /</subfield>
         <subfield code="r">Chaim Ben David --</subfield>
         <subfield code="t">Rock art /</subfield>
         <subfield code="r">Annika Eklund --</subfield>
         <subfield code="t">Three Nabataean inscriptions from Jabal Hā̄rū̄n /</subfield>
         <subfield code="r">Mohammed Nasarat and Laïla Nehmé --</subfield>
         <subfield code="g">Appendix.</subfield>
         <subfield code="t">The Greek inscriptions on Jabal Hārūn /</subfield>
         <subfield code="r">Jaakko Frösén --</subfield>
         <subfield code="t">Ritual sites /</subfield>
         <subfield code="r">Paula Kouki and Sarianna Silvonen --</subfield>
         <subfield code="g">Appendix.</subfield>
         <subfield code="t">Site 136, an open mosque? /</subfield>
         <subfield code="r">Paula Kouki --</subfield>
         <subfield code="t">Cairns /</subfield>
         <subfield code="r">Esa Hertell --</subfield>
         <subfield code="t">Recent land use in the Jabal Hārūn area /</subfield>
         <subfield code="r">Paula Kouki --</subfield>
         <subfield code="t">Summary and final remarks /</subfield>
         <subfield code="r">Esa Hertell, Paula Kouki, Annika Eklund, Mika Lavento, Sarianna Silvonen and Heini Ynnilä --</subfield>
         <subfield code="g">Part 2.</subfield>
         <subfield code="t">Introduction to the FJHP survey site catalog /</subfield>
         <subfield code="r">Paula Kouki and Sarianna Silvonen --</subfield>
         <subfield code="t">The FJHP survey site catalog /</subfield>
         <subfield code="r">Sarianna Silvonen, Paula Kouki, Annika Eklund, Esa Hertell, Mika Lavento and Heini Ynnilä.</subfield>
      </datafield>
      <datafield tag="650" ind1=" " ind2="0">
         <subfield code="a">Excavations (Archaeology)</subfield>
         <subfield code="z">Jordan</subfield>
         <subfield code="z">Petra (Extinct city)</subfield>
      </datafield>
      <datafield tag="650" ind1=" " ind2="0">
         <subfield code="a">Archaeological surveying</subfield>
         <subfield code="z">Jordan</subfield>
         <subfield code="z">Petra (Extinct city)</subfield>
      </datafield>
      <datafield tag="651" ind1=" " ind2="0">
         <subfield code="a">Petra (Extinct city)</subfield>
      </datafield>
      <datafield tag="651" ind1=" " ind2="0">
         <subfield code="a">Jordan</subfield>
         <subfield code="x">Antiquities.</subfield>
      </datafield>
      <datafield tag="700" ind1="1" ind2=" ">
         <subfield code="a">Lavento, Mika,</subfield>
         <subfield code="e">author.</subfield>
      </datafield>
      <datafield tag="700" ind1="1" ind2=" ">
         <subfield code="a">Annila, Anna,</subfield>
         <subfield code="e">author.</subfield>
      </datafield>
      <datafield tag="994" ind1=" " ind2=" ">
         <subfield code="a">Z0</subfield>
         <subfield code="b">ZYU</subfield>
      </datafield>
      <datafield tag="OWN" ind1=" " ind2=" ">
         <subfield code="a">GENERAL</subfield>
      </datafield>
      <datafield tag="AVA" ind1=" " ind2=" ">
         <subfield code="a">NYU50</subfield>
         <subfield code="b">NISAW</subfield>
         <subfield code="c">Oversize Collection</subfield>
         <subfield code="d">DS154.9.P48 P58 2008 v.3</subfield>
         <subfield code="e">available</subfield>
         <subfield code="t">Available</subfield>
         <subfield code="f">1</subfield>
         <subfield code="g">0</subfield>
         <subfield code="h">N</subfield>
         <subfield code="i">0</subfield>
         <subfield code="j">OVERZ</subfield>
         <subfield code="k">0</subfield>
      </datafield>
      <marc:datafield tag="852" ind1=" " ind2=" ">
         <marc:subfield code="b">Institute for the Study of the Ancient World, </marc:subfield>
         <marc:subfield code="c">Oversize Collection</marc:subfield>
         <marc:subfield code="e">15 East 84th St., </marc:subfield>
         <marc:subfield code="e">New York, NY  10028</marc:subfield>
      </marc:datafield>
   </record>