

  
  <record xsi:schemaLocation="http://www.loc.gov/MARC21/slim http://www.loc.gov/standards/marcxml/schema/MARC21slim.xsd">
      <leader>00000cam a2200565 i 4500</leader>
      <controlfield tag="FMT">BK</controlfield>
      <controlfield tag="LDR">00000cam a2200565 i 4500</controlfield>
      <controlfield tag="001">004277120</controlfield>
      <controlfield tag="003">OCoLC</controlfield>
      <controlfield tag="005">20160428092318.0</controlfield>
      <controlfield tag="008">160425t20162016inuabe   b    000 0 eng</controlfield>
      <datafield tag="010" ind1=" " ind2=" ">
         <subfield code="a">2015048558</subfield>
      </datafield>
      <datafield tag="020" ind1=" " ind2=" ">
         <subfield code="a">9781575064420</subfield>
         <subfield code="q">hardcover ;</subfield>
         <subfield code="q">3 volume set ;</subfield>
         <subfield code="q">alkaline paper</subfield>
      </datafield>
      <datafield tag="020" ind1=" " ind2=" ">
         <subfield code="a">1575064421</subfield>
         <subfield code="q">hardcover ;</subfield>
         <subfield code="q">3 volume set;</subfield>
         <subfield code="q">alkaline paper</subfield>
      </datafield>
      <datafield tag="020" ind1=" " ind2=" ">
         <subfield code="a">9781575064390</subfield>
         <subfield code="q">hardcover ;</subfield>
         <subfield code="q">volume 1 ;</subfield>
         <subfield code="q">alkaline paper</subfield>
      </datafield>
      <datafield tag="020" ind1=" " ind2=" ">
         <subfield code="a">1575064391</subfield>
         <subfield code="q">hardcover ;</subfield>
         <subfield code="q">volume 1 ;</subfield>
         <subfield code="q">alkaline paper</subfield>
      </datafield>
      <datafield tag="020" ind1=" " ind2=" ">
         <subfield code="a">9781575064406</subfield>
         <subfield code="q">hardcover;</subfield>
         <subfield code="q">volume 2 ;</subfield>
         <subfield code="q">alkaline paper</subfield>
      </datafield>
      <datafield tag="020" ind1=" " ind2=" ">
         <subfield code="a">1575064405</subfield>
         <subfield code="q">hardcover;</subfield>
         <subfield code="q">volume 2 ;</subfield>
         <subfield code="q">alkaline paper</subfield>
      </datafield>
      <datafield tag="020" ind1=" " ind2=" ">
         <subfield code="a">9781575064413</subfield>
         <subfield code="q">hardcover;</subfield>
         <subfield code="q">volume 3 ;</subfield>
         <subfield code="q">alkaline paper</subfield>
      </datafield>
      <datafield tag="020" ind1=" " ind2=" ">
         <subfield code="a">1575064413</subfield>
         <subfield code="q">hardcover;</subfield>
         <subfield code="q">volume 3 ;</subfield>
         <subfield code="q">alkaline paper</subfield>
      </datafield>
      <datafield tag="035" ind1=" " ind2=" ">
         <subfield code="a">(OCoLC)932109960</subfield>
         <subfield code="z">(OCoLC)945629013</subfield>
      </datafield>
      <datafield tag="040" ind1=" " ind2=" ">
         <subfield code="a">DLC</subfield>
         <subfield code="e">rda</subfield>
         <subfield code="b">eng</subfield>
         <subfield code="c">DLC</subfield>
         <subfield code="d">YDX</subfield>
         <subfield code="d">OCLCF</subfield>
         <subfield code="d">YDXCP</subfield>
         <subfield code="d">COO</subfield>
         <subfield code="d">CUS</subfield>
         <subfield code="d">CDX</subfield>
         <subfield code="d">STF</subfield>
         <subfield code="d">NNU</subfield>
      </datafield>
      <datafield tag="042" ind1=" " ind2=" ">
         <subfield code="a">pcc</subfield>
      </datafield>
      <datafield tag="043" ind1=" " ind2=" ">
         <subfield code="a">a-is---</subfield>
      </datafield>
      <datafield tag="050" ind1="0" ind2="0">
         <subfield code="a">DS110.B35</subfield>
         <subfield code="b">H47 2016</subfield>
      </datafield>
      <datafield tag="082" ind1="0" ind2="0">
         <subfield code="a">933/.49</subfield>
         <subfield code="2">23</subfield>
      </datafield>
      <datafield tag="090" ind1=" " ind2=" ">
         <subfield code="a">DS110.B35</subfield>
         <subfield code="b">H475 2016</subfield>
      </datafield>
      <datafield tag="100" ind1="1" ind2=" ">
         <subfield code="a">Herzog, Zeʼev,</subfield>
         <subfield code="e">author.</subfield>
      </datafield>
      <datafield tag="245" ind1="1" ind2="0">
         <subfield code="a">Beer-Sheba III :</subfield>
         <subfield code="b">the early iron IIA enclosed settlement and the late iron IIA-iron IIB cities /</subfield>
         <subfield code="c">Ze'ev Herzog and Lily Singer-Avitz ; with contributions by Itzhaq Beit-Arieh [and 21 others].</subfield>
      </datafield>
      <datafield tag="264" ind1=" " ind2="1">
         <subfield code="a">Winona Lake, Indiana :</subfield>
         <subfield code="b">Eisenbrauns,</subfield>
         <subfield code="c">2016.</subfield>
      </datafield>
      <datafield tag="264" ind1=" " ind2="4">
         <subfield code="c">©2016</subfield>
      </datafield>
      <datafield tag="300" ind1=" " ind2=" ">
         <subfield code="a">3 volumes (xi, 1536 pages) :</subfield>
         <subfield code="b">illustrations, plans ;</subfield>
         <subfield code="c">28 cm.</subfield>
      </datafield>
      <datafield tag="336" ind1=" " ind2=" ">
         <subfield code="a">text</subfield>
         <subfield code="b">txt</subfield>
         <subfield code="2">rdacontent</subfield>
      </datafield>
      <datafield tag="336" ind1=" " ind2=" ">
         <subfield code="a">still image</subfield>
         <subfield code="b">sti</subfield>
         <subfield code="2">rdacontent</subfield>
      </datafield>
      <datafield tag="337" ind1=" " ind2=" ">
         <subfield code="a">unmediated</subfield>
         <subfield code="b">n</subfield>
         <subfield code="2">rdamedia</subfield>
      </datafield>
      <datafield tag="338" ind1=" " ind2=" ">
         <subfield code="a">volume</subfield>
         <subfield code="b">nc</subfield>
         <subfield code="2">rdacarrier</subfield>
      </datafield>
      <datafield tag="490" ind1="1" ind2=" ">
         <subfield code="a">Tel Aviv University, Sonia and Marco Nadler Institute of Archaeology monograph series ;</subfield>
         <subfield code="v">number 33</subfield>
      </datafield>
      <datafield tag="500" ind1=" " ind2=" ">
         <subfield code="a">"The study of Yohanan Aharoni's excavations of Tel Beer-sheba was supported by a grant from the Israel Science Foundation Fund No. 840/97 and by the Shelby White and Leon Levy Program for Archaeological Publications"--page v.</subfield>
      </datafield>
      <datafield tag="504" ind1=" " ind2=" ">
         <subfield code="a">Includes bibliographical references.</subfield>
      </datafield>
      <datafield tag="505" ind1="0" ind2="0">
         <subfield code="g">Volume I.</subfield>
         <subfield code="t">Stratigraphy and Architecture.</subfield>
         <subfield code="t">Preface /</subfield>
         <subfield code="r">Ze'ev Herzog and Lily Singer-Avitz --</subfield>
         <subfield code="t">General Introduction /</subfield>
         <subfield code="r">Ze'ev Herzog --</subfield>
         <subfield code="t">Topography and Stratigraphy /</subfield>
         <subfield code="r">Ze'ev Herzog --</subfield>
         <subfield code="g">Appendix 2.1:</subfield>
         <subfield code="t">Chalcolithic Objects in the Iron Age Strata /</subfield>
         <subfield code="r">Yitzhak Paz --</subfield>
         <subfield code="t">The Northern Quarter /</subfield>
         <subfield code="r">Ze'ev Herzog --</subfield>
         <subfield code="t">The Eastern Quarter /</subfield>
         <subfield code="r">Ze'ev Herzog --</subfield>
         <subfield code="t">The Southern Quarter /</subfield>
         <subfield code="r">Ze'ev Herzog --</subfield>
         <subfield code="t">The Basement Building Area /</subfield>
         <subfield code="r">Anson F. Rainey and Ze'ev Herzog --</subfield>
         <subfield code="t">The Central Quarter /</subfield>
         <subfield code="r">Itzhaq Beit-Arieh and Ze'ev Herzog --</subfield>
         <subfield code="t">The Western Quarter /</subfield>
         <subfield code="r">Itzhaq Beit-Arieh --</subfield>
         <subfield code="t">The Water Supply /</subfield>
         <subfield code="r">Ze'ev Herzog.</subfield>
         <subfield code="g">Volume II.</subfield>
         <subfield code="t">The Pottery.</subfield>
         <subfield code="t">The Iron IIA and IIB Pottery: An Introduction /</subfield>
         <subfield code="r">Lily Singer-Avitz --</subfield>
         <subfield code="t">Pottery from Strata VII-IV: The Iron IIA Period /</subfield>
         <subfield code="r">Lily Singer-Avitz --</subfield>
         <subfield code="t">Pottery from Strata III-I: The Iron IIB Period /</subfield>
         <subfield code="r">Lily Singer-Avitz --</subfield>
         <subfield code="t">Potmarks /</subfield>
         <subfield code="r">Lily Singer-Avitz --</subfield>
         <subfield code="t">Standardization and Mass Production /</subfield>
         <subfield code="r">Lily Singer-Avitz --</subfield>
         <subfield code="t">Volume Measurements /</subfield>
         <subfield code="r">Elena Zapassky --</subfield>
         <subfield code="t">Petrographic Analyses /</subfield>
         <subfield code="r">Mark Iserlis and Yuval Goren.</subfield>
      </datafield>
      <datafield tag="505" ind1="8" ind2="0">
         <subfield code="a">Volume III.</subfield>
         <subfield code="t">Artifacts, Ecofacts and Concluding Studies.</subfield>
         <subfield code="t">Cuneiform Inscription /</subfield>
         <subfield code="r">Ran Zadok --</subfield>
         <subfield code="t">A South Arabian Inscription.</subfield>
         <subfield code="g">Part 1:</subfield>
         <subfield code="t">The Inscription /</subfield>
         <subfield code="r">François Bron --</subfield>
         <subfield code="g">Part 2:</subfield>
         <subfield code="t">A Micropaleontological Examination /</subfield>
         <subfield code="r">Yoram Eshet --</subfield>
         <subfield code="t">The Glyptic Material /</subfield>
         <subfield code="r">Othmar Keel --</subfield>
         <subfield code="t">Egyptian Objects /</subfield>
         <subfield code="r">Deborah Sweeney --</subfield>
         <subfield code="t">Clay Figurines /</subfield>
         <subfield code="r">Raz Kletter --</subfield>
         <subfield code="t">Scale Weights /</subfield>
         <subfield code="r">Raz Kletter --</subfield>
         <subfield code="t">Metal Objects /</subfield>
         <subfield code="r">Yitzhak Paz --</subfield>
         <subfield code="g">Appendix 23.1:</subfield>
         <subfield code="t">Chemical Composition of Copper Based Objects /</subfield>
         <subfield code="r">Naama Yahalom-Mack --</subfield>
         <subfield code="t">Beer-Sheba Under Attack: A Study of Arrowheads and the Story of the Destruction of the Iron Age Settlement /</subfield>
         <subfield code="r">Yulia Gottlieb --</subfield>
         <subfield code="t">Altars and Art Objects /</subfield>
         <subfield code="r">Irit Ziffer --</subfield>
         <subfield code="t">Stone Tools /</subfield>
         <subfield code="r">Yitzhak Paz --</subfield>
         <subfield code="t">Worked Bone and Ivory Objects /</subfield>
         <subfield code="r">Lily Singer-Avitz --</subfield>
         <subfield code="t">Textile-Related Objects /</subfield>
         <subfield code="r">Lily Singer-Avitz --</subfield>
         <subfield code="t">Textile Remains and Textile Impressions /</subfield>
         <subfield code="r">Orit Shamir --</subfield>
         <subfield code="t">Jewelry /</subfield>
         <subfield code="r">Amir Golani --</subfield>
         <subfield code="t">Archaeozoological Finds from Strata IX-III and I /</subfield>
         <subfield code="r">Moshe Sade --</subfield>
         <subfield code="t">The Faunal Remains from Stratum II: Zooarchaeological, Taphnomoic and GIS Spatial Analyses /</subfield>
         <subfield code="r">Aharon Sasson --</subfield>
         <subfield code="t">Archaeobotanical Remains /</subfield>
         <subfield code="r">Nili Liphschitz --</subfield>
         <subfield code="t">Evidence for Iron Working /</subfield>
         <subfield code="r">Adi Eliyahu Behar --</subfield>
         <subfield code="t">Household Activities /</subfield>
         <subfield code="r">Lily Singer-Avitz --</subfield>
         <subfield code="t">Social, Historical and Cultural Ramifications /</subfield>
         <subfield code="r">Ze'ev Herzog --</subfield>
         <subfield code="t">Reconstructing Tel Beer-Sheba: Conceptual and Technological Issues in Site Preservation /</subfield>
         <subfield code="r">Ze'ev Herzog and Lawrence Belkin --</subfield>
         <subfield code="t">List of Loci /</subfield>
         <subfield code="r">Ze'ev Herzog and Lily Singer-Avitz.</subfield>
      </datafield>
      <datafield tag="520" ind1=" " ind2=" ">
         <subfield code="a">"The final season of excavations at Tel Beer-sheba, the eighth, took place in the summer of 1976 and was carried out after his demise by Aharoni's chief assistants, Ze'ev Herzog, Itzhaq Beit-Arieh and Anson F. Rainey. The latter two regrettably did not live to see the completion of this publication. But they shared in the work, as did the young staff members who enabled the Tel Beer-sheba project to become a reality. To Fredrick Brandfon of the University of Pennsylvania, Steven Derfler of the University of Minnesota and Le-Grande Davies of Brigham Young University go our sincere thanks"--</subfield>
         <subfield code="c">Provided by publisher.</subfield>
      </datafield>
      <datafield tag="651" ind1=" " ind2="0">
         <subfield code="a">Beersheba (Israel)</subfield>
         <subfield code="x">History.</subfield>
      </datafield>
      <datafield tag="651" ind1=" " ind2="0">
         <subfield code="a">Beersheba (Israel)</subfield>
         <subfield code="x">Antiquities.</subfield>
      </datafield>
      <datafield tag="650" ind1=" " ind2="0">
         <subfield code="a">Excavations (Archaeology)</subfield>
         <subfield code="z">Israel</subfield>
         <subfield code="z">Beersheba.</subfield>
      </datafield>
      <datafield tag="650" ind1=" " ind2="0">
         <subfield code="a">Pottery, Ancient</subfield>
         <subfield code="z">Israel</subfield>
         <subfield code="z">Beersheba.</subfield>
      </datafield>
      <datafield tag="650" ind1=" " ind2="0">
         <subfield code="a">Material culture</subfield>
         <subfield code="z">Issrael</subfield>
         <subfield code="z">Beersheba.</subfield>
      </datafield>
      <datafield tag="651" ind1=" " ind2="7">
         <subfield code="a">Israel</subfield>
         <subfield code="z">Beersheba.</subfield>
         <subfield code="2">fast</subfield>
         <subfield code="0">(OCoLC)fst01219048</subfield>
      </datafield>
      <datafield tag="655" ind1=" " ind2="7">
         <subfield code="a">History.</subfield>
         <subfield code="2">fast</subfield>
         <subfield code="0">(OCoLC)fst01411628</subfield>
      </datafield>
      <datafield tag="700" ind1="1" ind2=" ">
         <subfield code="a">Singer-Avitz, Lily,</subfield>
         <subfield code="e">author.</subfield>
      </datafield>
      <datafield tag="700" ind1="1" ind2=" ">
         <subfield code="a">Beit-Arieh, Itzhaq,</subfield>
         <subfield code="e">contributor.</subfield>
      </datafield>
      <datafield tag="700" ind1="1" ind2=" ">
         <subfield code="a">Belkin, Lawrence,</subfield>
         <subfield code="e">contributor.</subfield>
      </datafield>
      <datafield tag="700" ind1="1" ind2=" ">
         <subfield code="a">Bron, François,</subfield>
         <subfield code="e">contributor.</subfield>
      </datafield>
      <datafield tag="700" ind1="1" ind2=" ">
         <subfield code="a">Eliyahu-Behar, Adi,</subfield>
         <subfield code="e">contributor.</subfield>
      </datafield>
      <datafield tag="700" ind1="1" ind2=" ">
         <subfield code="a">Eshet, Yoram,</subfield>
         <subfield code="e">contributor.</subfield>
      </datafield>
      <datafield tag="700" ind1="1" ind2=" ">
         <subfield code="a">Golani, Amir,</subfield>
         <subfield code="e">contributor.</subfield>
      </datafield>
      <datafield tag="700" ind1="1" ind2=" ">
         <subfield code="a">Goren, Yuval,</subfield>
         <subfield code="e">contributor.</subfield>
      </datafield>
      <datafield tag="700" ind1="1" ind2=" ">
         <subfield code="a">Gottlieb, Yulia,</subfield>
         <subfield code="e">contributor.</subfield>
      </datafield>
      <datafield tag="700" ind1="1" ind2=" ">
         <subfield code="a">Iserlis, Mark,</subfield>
         <subfield code="e">contributor.</subfield>
      </datafield>
      <datafield tag="700" ind1="1" ind2=" ">
         <subfield code="a">Keel, Othmar,</subfield>
         <subfield code="d">1937-</subfield>
         <subfield code="e">contributor.</subfield>
      </datafield>
      <datafield tag="700" ind1="1" ind2=" ">
         <subfield code="a">Kletter, Raz,</subfield>
         <subfield code="e">contributor.</subfield>
      </datafield>
      <datafield tag="700" ind1="1" ind2=" ">
         <subfield code="a">Liphschitz, Nili,</subfield>
         <subfield code="e">contributor.</subfield>
      </datafield>
      <datafield tag="700" ind1="1" ind2=" ">
         <subfield code="a">Paz, Yitzhak,</subfield>
         <subfield code="e">contributor.</subfield>
      </datafield>
      <datafield tag="700" ind1="1" ind2=" ">
         <subfield code="a">Rainey, Anson F.,</subfield>
         <subfield code="d">1930-2011,</subfield>
         <subfield code="e">contributor.</subfield>
      </datafield>
      <datafield tag="700" ind1="1" ind2=" ">
         <subfield code="a">Sade, Moshe,</subfield>
         <subfield code="e">contributor.</subfield>
      </datafield>
      <datafield tag="700" ind1="1" ind2=" ">
         <subfield code="a">Sasson, Aharon,</subfield>
         <subfield code="e">contributor.</subfield>
      </datafield>
      <datafield tag="700" ind1="1" ind2=" ">
         <subfield code="a">Shamir, Orit,</subfield>
         <subfield code="e">contributor.</subfield>
      </datafield>
      <datafield tag="700" ind1="1" ind2=" ">
         <subfield code="a">Sweeney, Deborah,</subfield>
         <subfield code="e">contributor.</subfield>
      </datafield>
      <datafield tag="700" ind1="1" ind2=" ">
         <subfield code="a">Yahalom-Mack, Naama,</subfield>
         <subfield code="e">contributor.</subfield>
      </datafield>
      <datafield tag="700" ind1="1" ind2=" ">
         <subfield code="a">Zadok, Ran,</subfield>
         <subfield code="e">contributor.</subfield>
      </datafield>
      <datafield tag="700" ind1="1" ind2=" ">
         <subfield code="a">Zapassky, Elena,</subfield>
         <subfield code="e">contributor.</subfield>
      </datafield>
      <datafield tag="700" ind1="1" ind2=" ">
         <subfield code="a">Ziffer, Irit,</subfield>
         <subfield code="e">contributor.</subfield>
      </datafield>
      <datafield tag="710" ind1="2" ind2=" ">
         <subfield code="a">Shelby White and Leon Levy Program for Archaeological Publications (Firm)</subfield>
         <subfield code="e">sponsor.</subfield>
      </datafield>
      <datafield tag="776" ind1="0" ind2="8">
         <subfield code="i">Online version:</subfield>
         <subfield code="a">Herzog, Zeʼev, author.</subfield>
         <subfield code="t">Beer-Sheba III.</subfield>
         <subfield code="d">Winona Lake, Indiana : Eisenbrauns, 2016</subfield>
         <subfield code="z">9781575064437</subfield>
         <subfield code="w">(DLC) 2015048937</subfield>
      </datafield>
      <datafield tag="797" ind1="2" ind2=" ">
         <subfield code="a">White Levy Program Collection.</subfield>
      </datafield>
      <datafield tag="797" ind1="2" ind2=" ">
         <subfield code="a">WLP Collection.</subfield>
      </datafield>
      <datafield tag="830" ind1=" " ind2="0">
         <subfield code="a">Monograph series (Makhon le-arkheʼologyah ʻa. sh. Sonyah u-Marḳo Nadler) ;</subfield>
         <subfield code="v">no. 33.</subfield>
      </datafield>
      <datafield tag="994" ind1=" " ind2=" ">
         <subfield code="a">Z0</subfield>
         <subfield code="b">ZYU</subfield>
      </datafield>
      <datafield tag="OWN" ind1=" " ind2=" ">
         <subfield code="a">GENERAL</subfield>
      </datafield>
      <datafield tag="980" ind1=" " ind2=" ">
         <subfield code="g">1</subfield>
         <subfield code="a">20160505</subfield>
         <subfield code="f">99967453956</subfield>
         <subfield code="b">00.01</subfield>
      </datafield>
      <datafield tag="981" ind1=" " ind2=" ">
         <subfield code="b">BBGGENA-2016</subfield>
         <subfield code="c">BMAIN</subfield>
         <subfield code="d">NOTE: DUP:004277120 S:EE</subfield>
      </datafield>
      <datafield tag="982" ind1=" " ind2=" ">
         <subfield code="v">99967453956</subfield>
         <subfield code="b">203006</subfield>
         <subfield code="e">EE</subfield>
      </datafield>
      <datafield tag="984" ind1=" " ind2=" ">
         <subfield code="a">20160505</subfield>
         <subfield code="b">105659</subfield>
         <subfield code="c">YBP</subfield>
      </datafield>
      <datafield tag="985" ind1=" " ind2=" ">
         <subfield code="d">004277120</subfield>
      </datafield>
      <datafield tag="986" ind1=" " ind2=" ">
         <subfield code="a">11866516</subfield>
      </datafield>
      <datafield tag="049" ind1=" " ind2=" ">
         <subfield code="a">BMAIN</subfield>
      </datafield>
      <datafield tag="AVA" ind1=" " ind2=" ">
         <subfield code="a">NYU50</subfield>
         <subfield code="b">BOBST</subfield>
         <subfield code="c">Main Collection</subfield>
         <subfield code="d">DS110.B35 H47 2016</subfield>
         <subfield code="e">available</subfield>
         <subfield code="t">Available</subfield>
         <subfield code="f">3</subfield>
         <subfield code="g">0</subfield>
         <subfield code="h">Y</subfield>
         <subfield code="i">0</subfield>
         <subfield code="j">MAIN</subfield>
         <subfield code="k">0</subfield>
      </datafield>
      <datafield tag="AVA" ind1=" " ind2=" ">
         <subfield code="a">NYU50</subfield>
         <subfield code="b">NISAW</subfield>
         <subfield code="c">Large Collection</subfield>
         <subfield code="d">DS110.B35 H475 2016</subfield>
         <subfield code="e">available</subfield>
         <subfield code="t">Available</subfield>
         <subfield code="f">3</subfield>
         <subfield code="g">0</subfield>
         <subfield code="h">Y</subfield>
         <subfield code="i">0</subfield>
         <subfield code="j">LARGE</subfield>
         <subfield code="k">0</subfield>
      </datafield>
      <marc:datafield tag="852" ind1=" " ind2=" ">
         <marc:subfield code="b">Institute for the Study of the Ancient World, </marc:subfield>
         <marc:subfield code="c">Large Collection</marc:subfield>
         <marc:subfield code="e">15 East 84th St., </marc:subfield>
         <marc:subfield code="e">New York, NY  10028</marc:subfield>
      </marc:datafield>
   </record>