

  
  <record xsi:schemaLocation="http://www.loc.gov/MARC21/slim http://www.loc.gov/standards/marcxml/schema/MARC21slim.xsd">
      <leader>00000cam a2200673 a 4500</leader>
      <controlfield tag="FMT">BK</controlfield>
      <controlfield tag="LDR">00000cam a2200673 a 4500</controlfield>
      <controlfield tag="001">004277773</controlfield>
      <controlfield tag="003">OCoLC</controlfield>
      <controlfield tag="005">20160428093924.0</controlfield>
      <controlfield tag="008">160427s2000    it af    b    100 0 ita d</controlfield>
      <datafield tag="020" ind1=" " ind2=" ">
         <subfield code="a">8887829209</subfield>
      </datafield>
      <datafield tag="020" ind1=" " ind2=" ">
         <subfield code="a">9788887829204</subfield>
      </datafield>
      <datafield tag="035" ind1=" " ind2=" ">
         <subfield code="a">(OCoLC)48263229</subfield>
         <subfield code="z">(OCoLC)265408958</subfield>
      </datafield>
      <datafield tag="040" ind1=" " ind2=" ">
         <subfield code="a">C3L</subfield>
         <subfield code="b">eng</subfield>
         <subfield code="c">C3L</subfield>
         <subfield code="d">NDD</subfield>
         <subfield code="d">RBN</subfield>
         <subfield code="d">GEBAY</subfield>
         <subfield code="d">OCLCF</subfield>
         <subfield code="d">OCLCQ</subfield>
         <subfield code="d">OCLCO</subfield>
         <subfield code="d">OCL</subfield>
         <subfield code="d">NNU</subfield>
      </datafield>
      <datafield tag="043" ind1=" " ind2=" ">
         <subfield code="a">f-ua---</subfield>
      </datafield>
      <datafield tag="045" ind1=" " ind2=" ">
         <subfield code="a">b0d3</subfield>
      </datafield>
      <datafield tag="050" ind1=" " ind2="4">
         <subfield code="a">DT60</subfield>
         <subfield code="b">.C645x 1999</subfield>
      </datafield>
      <datafield tag="082" ind1="1" ind2="4">
         <subfield code="a">932</subfield>
      </datafield>
      <datafield tag="111" ind1="2" ind2=" ">
         <subfield code="a">Convegno nazionale di egittologia e papirologia</subfield>
         <subfield code="n">(5th :</subfield>
         <subfield code="d">1999 :</subfield>
         <subfield code="c">Florence, Italy)</subfield>
      </datafield>
      <datafield tag="245" ind1="1" ind2="0">
         <subfield code="a">Atti del V Convegno nazionale di egittologia e papirologia :</subfield>
         <subfield code="b">Firenze, 10-12 dicembre 1999 /</subfield>
         <subfield code="c">a cura di Simona Russo.</subfield>
      </datafield>
      <datafield tag="246" ind1="3" ind2=" ">
         <subfield code="a">Atti del 5. Convegno nazionale di egittologia e papirologia</subfield>
      </datafield>
      <datafield tag="246" ind1="3" ind2=" ">
         <subfield code="a">Atti del quinto Convegno nazionale di egittologia e papirologia</subfield>
      </datafield>
      <datafield tag="260" ind1=" " ind2=" ">
         <subfield code="a">Firenze :</subfield>
         <subfield code="b">Istituto papirologico "G. Vitelli",</subfield>
         <subfield code="c">2000.</subfield>
      </datafield>
      <datafield tag="300" ind1=" " ind2=" ">
         <subfield code="a">263 pages, 23 pages of plates :</subfield>
         <subfield code="b">illustrations ;</subfield>
         <subfield code="c">24 cm</subfield>
      </datafield>
      <datafield tag="336" ind1=" " ind2=" ">
         <subfield code="a">text</subfield>
         <subfield code="b">txt</subfield>
         <subfield code="2">rdacontent</subfield>
      </datafield>
      <datafield tag="337" ind1=" " ind2=" ">
         <subfield code="a">unmediated</subfield>
         <subfield code="b">n</subfield>
         <subfield code="2">rdamedia</subfield>
      </datafield>
      <datafield tag="338" ind1=" " ind2=" ">
         <subfield code="a">volume</subfield>
         <subfield code="b">nc</subfield>
         <subfield code="2">rdacarrier</subfield>
      </datafield>
      <datafield tag="500" ind1=" " ind2=" ">
         <subfield code="a">Proceedings.</subfield>
      </datafield>
      <datafield tag="504" ind1=" " ind2=" ">
         <subfield code="a">Includes bibliographical references.</subfield>
      </datafield>
      <datafield tag="505" ind1="0" ind2="0">
         <subfield code="t">Presentazione /</subfield>
         <subfield code="r">M. Amelotti --</subfield>
         <subfield code="t">Premessa /</subfield>
         <subfield code="r">G. Bastianini --</subfield>
         <subfield code="t">Pubblicazione elettronica di testi antichi /</subfield>
         <subfield code="r">S. Andrenucci --</subfield>
         <subfield code="t">I papiri erolanesi opistografi /</subfield>
         <subfield code="r">M. Capasso --</subfield>
         <subfield code="t">Note sull'immagine di Alessandro Magno in Egitto /</subfield>
         <subfield code="r">G. Capriotti Vittozzi --</subfield>
         <subfield code="t">Berenice Pancrisia : Relazione sui sondaggi effettuati durante le Campagne 1997-98 e 1998-99 /</subfield>
         <subfield code="r">A. &amp; A. Castiglioni --</subfield>
         <subfield code="t">Di una statuetta dedicata ad Amon-Ra dal grande capo dei Ma Tefnakht nel Museo Egizio di Firenze /</subfield>
         <subfield code="r">P.R. Del Francia --</subfield>
         <subfield code="t">Su Jambl. de Myst. VIII 3 /</subfield>
         <subfield code="r">S. Donadoni --</subfield>
         <subfield code="t">Sull'origine del P.L. Bat. XX Suppl. A (Progetto di dighe e canali per la dōrea di Apollonios) /</subfield>
         <subfield code="r">M.R. Falivene --</subfield>
         <subfield code="t">La artecipazione del muso Egizio di Firenze ai progretti europei /</subfield>
         <subfield code="r">M.C. Guidotti --</subfield>
         <subfield code="t">Figure di battelli nel periodo predinastico /</subfield>
         <subfield code="r">S. Lena --</subfield>
         <subfield code="t">Per la piu antica storia di Shedet/Krokodilopolis /</subfield>
         <subfield code="r">A. Malaguti --</subfield>
         <subfield code="t">L'Oriente in Occidente : Iside nelle monete puniche /</subfield>
         <subfield code="r">L. I. Manfredi --</subfield>
         <subfield code="t">I reperti di scavo da Arsinoe e da Antinoe a Firenze /</subfield>
         <subfield code="r">M. Manfredi --</subfield>
         <subfield code="t">Gli [hapo gymnasiou di Lykōn polis /</subfield>
         <subfield code="r">O. Montevecchi --</subfield>
         <subfield code="t">Una nuova acquisizione dell'Universita degli Studi di Milano : gli autografi e la biblioteca di Elmar Edel /</subfield>
         <subfield code="r">P. Piacentini --</subfield>
         <subfield code="t">Un fondo librario coi suoi accessori (P. Turner 39) /</subfield>
         <subfield code="r">E. Puglia --</subfield>
         <subfield code="t">Diritti di patronato e hastikoi vomoi in P.Oxy. IV 706 /</subfield>
         <subfield code="r">G. Purpura --</subfield>
         <subfield code="t">Una stela di Firenze recentemente ricomposta /</subfield>
         <subfield code="r">A. Roccati --</subfield>
         <subfield code="t">Il territorio di Š3sw /</subfield>
         <subfield code="r">P. Romeo --</subfield>
         <subfield code="t">Due stele del Medio Reno 'riscoperte' a Tornio /</subfield>
         <subfield code="r">G. Rosati --</subfield>
         <subfield code="t">Natakamani e l'Ellenismo : alcune considerazioni sul palazzo B 1500 a Gebel Barkal /</subfield>
         <subfield code="r">L. Sist --</subfield>
         <subfield code="t">Ricerca di progetto nell'architettura dell'antico Egitto : considerazioni e obiettivi /</subfield>
         <subfield code="r">P. Testa.</subfield>
      </datafield>
      <datafield tag="650" ind1=" " ind2="0">
         <subfield code="a">Manuscripts (Papyri)</subfield>
         <subfield code="v">Congresses.</subfield>
      </datafield>
      <datafield tag="651" ind1=" " ind2="0">
         <subfield code="a">Egypt</subfield>
         <subfield code="x">Antiquities</subfield>
         <subfield code="v">Congresses.</subfield>
      </datafield>
      <datafield tag="651" ind1=" " ind2="0">
         <subfield code="a">Egypt</subfield>
         <subfield code="x">Civilization</subfield>
         <subfield code="y">To 332 B.C.</subfield>
         <subfield code="v">Congresses.</subfield>
      </datafield>
      <datafield tag="650" ind1=" " ind2="7">
         <subfield code="a">Antiquities.</subfield>
         <subfield code="2">fast</subfield>
         <subfield code="0">(OCoLC)fst00810745</subfield>
      </datafield>
      <datafield tag="650" ind1=" " ind2="7">
         <subfield code="a">Civilization.</subfield>
         <subfield code="2">fast</subfield>
         <subfield code="0">(OCoLC)fst00862898</subfield>
      </datafield>
      <datafield tag="650" ind1=" " ind2="7">
         <subfield code="a">Manuscripts (Papyri)</subfield>
         <subfield code="2">fast</subfield>
         <subfield code="0">(OCoLC)fst01008260</subfield>
      </datafield>
      <datafield tag="651" ind1=" " ind2="7">
         <subfield code="a">Egypt.</subfield>
         <subfield code="2">fast</subfield>
         <subfield code="0">(OCoLC)fst01208755</subfield>
      </datafield>
      <datafield tag="648" ind1=" " ind2="7">
         <subfield code="a">To 332 B.C.</subfield>
         <subfield code="2">fast</subfield>
      </datafield>
      <datafield tag="655" ind1=" " ind2="7">
         <subfield code="a">Conference papers and proceedings.</subfield>
         <subfield code="2">fast</subfield>
         <subfield code="0">(OCoLC)fst01423772</subfield>
      </datafield>
      <datafield tag="700" ind1="1" ind2=" ">
         <subfield code="a">Russo, Simona.</subfield>
      </datafield>
      <datafield tag="710" ind1="2" ind2=" ">
         <subfield code="a">Istituto papirologico G. Vitelli.</subfield>
      </datafield>
      <datafield tag="994" ind1=" " ind2=" ">
         <subfield code="a">Z0</subfield>
         <subfield code="b">ZYU</subfield>
      </datafield>
      <datafield tag="OWN" ind1=" " ind2=" ">
         <subfield code="a">GENERAL</subfield>
      </datafield>
      <datafield tag="AVA" ind1=" " ind2=" ">
         <subfield code="a">NYU50</subfield>
         <subfield code="b">NISAW</subfield>
         <subfield code="c">Small Collection</subfield>
         <subfield code="d">DT60 .C645 1999</subfield>
         <subfield code="e">available</subfield>
         <subfield code="t">Available</subfield>
         <subfield code="f">1</subfield>
         <subfield code="g">0</subfield>
         <subfield code="h">N</subfield>
         <subfield code="i">0</subfield>
         <subfield code="j">SMALL</subfield>
         <subfield code="k">0</subfield>
      </datafield>
      <marc:datafield tag="852" ind1=" " ind2=" ">
         <marc:subfield code="b">Institute for the Study of the Ancient World, </marc:subfield>
         <marc:subfield code="c">Small Collection</marc:subfield>
         <marc:subfield code="e">15 East 84th St., </marc:subfield>
         <marc:subfield code="e">New York, NY  10028</marc:subfield>
      </marc:datafield>
   </record>